2692 4770
296 334 496 398 APOPHTH.
510 335 601 396 REG.
615 335 668 397 ΕΤ
679 334 775 395 Duc.
792 351 821 410 p.
831 334 938 395 180.C.
1057 334 1135 408 1069

109 493 234 575 sinimur,
248 497 329 584 Ἐγώ
346 499 397 581 μὶν
414 504 435 562 ri
452 499 630 584 Ἀλέξανδρος
643 498 723 580 ἥμην,
739 495 837 561 trador
855 495 888 559 dr
905 501 1009 575 ταῦτα,
1028 493 1134 582 Κᾴγῶ,

107 596 225 676 νὴΔῖα,
246 599 317 664 εἶπεν
337 606 351 663 l
370 600 560 689 Ἀλέξανδρος,
582 605 606 664 el
627 601 803 688 Happrrlorr,
822 599 879 664 ubi
901 598 1053 664 ultimum
1066 597 1135 678 ἥμην

107 696 251 761 excidiffe
267 699 400 763 videtur.
429 696 482 766 De
498 703 639 767 Fortuna
653 701 746 766 Alex.
770 722 804 787 p.
819 719 895 786 331.
911 702 948 763 F.
981 697 1136 763 Arrianus

109 798 153 861 ΙΙ.
165 815 217 882 25.
242 798 405 865 Diodorus
419 801 483 866 Sic.
499 803 608 867 XVII.
622 816 676 886 54.
693 801 786 889 cujus
800 800 937 866 narratio
951 800 1044 886 plane
1055 822 1136 866 con·

108 898 194 961 venit
215 921 289 962 cum
312 911 383 965 toto
404 900 500 990 hujus
519 901 583 967 loci
603 917 806 989 argumento.
836 905 878 966 Et
899 900 1066 987 Longinus
1083 901 1137 966 Do

108 999 198 1064 Subl.
209 1000 286 1065 VII.
302 1021 335 1086 p.
348 1022 402 1083 44.
431 1002 606 1067 Alexandri
620 1003 801 1089 responsum
817 1003 850 1066 in
865 1002 1047 1088 exemplum
1063 1003 1137 1068 sub·

108 1100 253 1167 limitatis
274 1103 390 1189 posuit,
416 1103 569 1190 scriptura
591 1104 663 1168 libri
685 1106 828 1190 quamvis
849 1103 1029 1190 depravata.
1066 1106 1139 1172 Nec

108 1202 211 1267 omifit
231 1202 377 1268 Valerius
399 1205 489 1269 Max.
510 1206 570 1269 VI.
584 1225 617 1286 4.
644 1207 773 1270 Extern.
786 1226 829 1292 3:
857 1205 957 1269 Dario
983 1206 1058 1268 enim
1080 1227 1139 1270 ano
1165 1240 1167 1244 >

95 1301 166 1390 jam
180 1303 315 1368 etaltera
332 1304 440 1391 praelio
454 1306 596 1369 virtatem
615 1307 677 1392 ejas
694 1317 822 1394 asperto,
838 1317 927 1394 atque
940 1306 1004 1370 idco
1024 1317 1139 1393 partam
1169 1391 1171 1394 y

107 1405 195 1491 regni
210 1406 308 1469 Tauro
323 1417 512 1471 transmonte
526 1418 554 1470 et
564 1407 671 1495 filiam
686 1407 718 1470 in
732 1408 949 1472 matrimonium
966 1430 1030 1470 cum
1048 1406 1140 1472 decies

108 1517 221 1570 centum
237 1506 370 1573 millibus
390 1508 533 1572 talentum
550 1508 716 1597 pollicente,
740 1533 803 1574 cram
816 1509 996 1574 Parmenion
1011 1509 1140 1596 diaerfflt,

109 1613 134 1647 “
150 1608 199 1689 S'c,
210 1608 246 1694 st
259 1609 433 1675 Alexander
447 1612 522 1698 effet,
540 1612 658 1698 asarum
673 1611 869 1691 conditionr,”
884 1611 1041 1700 respondit,
1058 1611 1140 1674 “Et

108 1716 134 1751 “
149 1734 201 1797 ego
222 1723 320 1776 uterer
329 1713 365 1798 st
376 1713 556 1777 Parmenion
570 1715 687 1800 effem.’'
723 1713 905 1800 Descripsit,
923 1725 962 1778 ut
979 1711 1052 1793 alia,
1072 1715 1140 1777 Zo-

111 1833 201 1876 naras
224 1812 342 1876 Annal.
370 1814 427 1879 IV.
451 1832 501 1876 10.
537 1815 661 1879 Forma
686 1824 720 1877 et
744 1811 980 1899 compofitionis
1004 1832 1140 1877 acumen

110 1911 344 1992 animadvertit,
359 1913 421 1978 alia
434 1913 580 1999 exempla
594 1927 710 2001 praeter
728 1912 792 1978 hoc
805 1935 982 2001 apponens,
998 1913 1141 1978 Valcke-

110 2013 216 2078 narius
235 2014 269 2079 in
286 2016 431 2081 Distribe
449 2015 483 2080 in
499 2016 608 2102 Eurip.
625 2019 753 2104 Fragm.
773 2038 806 2103 p.
822 2033 897 2082 211.
934 2016 1072 2079 Secutus
1091 2013 1140 2079 vi·

108 2113 204 2181 detur
223 2115 310 2182 idem
332 2117 454 2183 dietum
474 2117 507 2183 in
526 2118 641 2184 eodem
653 2128 846 2204 argumento
862 2116 994 2182 Curtius
1010 2118 1068 2182 IV.
1088 2135 1140 2182 11.
1220 2154 1225 2165 ·

110 2220 167 2284 ubi
181 2220 314 2286 aliorum
330 2221 506 2306 testimonia
519 2220 623 2288 adfert
638 2219 880 2286 Freinshemius.
915 2218 1064 2306 Ejusdem
1078 2239 1140 2307 ge·

111 2321 194 2386 neris
208 2323 250 2387 est
265 2321 385 2387 ditium
402 2322 435 2386 in
449 2322 698 2409 Apophthegm.
713 2322 864 2386 Laconia.
879 2342 912 2408 p.
923 2339 996 2387 aaa.
1013 2320 1054 2386 C.
1081 2320 1141 2387 Vis

109 2421 195 2486 verbi
216 2421 339 2502 διδόντος,
353 2423 455 2500 dante,
478 2444 536 2509 pro
554 2422 703 2508 ffreate,
721 2422 766 2516 ad
785 2421 984 2509 accipiendam
1002 2433 1140 2510 ponente,

109 2521 207 2587 semel
229 2522 283 2588 hio
305 2521 489 2587 annotanda
512 2523 577 2586 est:
608 2523 648 2586 src
671 2522 715 2586 est
735 2523 822 2608 Opp.
845 2524 933 2587 Mor.
955 2544 989 2610 p.
1010 2543 1082 2609 194.
1100 2527 1140 2590 E.

114 2638 186 2707 195·
205 2623 249 2688 A·
273 2641 347 2705 224·
368 2623 408 2688 C·
445 2623 513 2687 Vit·
534 2642 609 2709 334·
626 2623 667 2688 C·
690 2637 766 2708 aar·
782 2622 825 2686 A·
849 2622 986 2709 359·D·
1007 2624 1083 2709 384·
1099 2625 1140 2691 C·

109 2742 186 2810 413.
203 2725 245 2789 C.
266 2723 306 2789 de
321 2746 385 2811 qua
398 2738 594 2788 monuerunt
607 2723 764 2812 Taylorus
778 2722 819 2788 ad
834 2723 933 2812 Lyfiae
951 2723 1141 2813 Areopagit.

111 2845 144 2910 p.
162 2828 233 2908 146.
254 2838 289 2890 et
309 2823 523 2890 Marklandus
536 2823 655 2890 ibidem
671 2825 704 2888 in
722 2824 795 2905 fine,
811 2823 997 2913 Conjedur.
1013 2827 1086 2915 Lys.
1107 2848 1142 2914 p.

111 2941 186 3010 550·

156 3027 229 3092 180.
246 3026 286 3092 C.
308 3024 359 3104 ιβ’.
381 3028 427 3090 τὸν
449 3026 589 3114 γράσσον]
619 3026 738 3090 Rarum
760 3023 963 3106 vocabulum,
985 3026 1079 3114 cujus
1100 3050 1141 3093 u·

113 3150 192 3194 num
214 3127 277 3193 hoc
298 3127 435 3213 protulit
458 3126 641 3212 exemplum
663 3127 709 3190 H.
730 3124 912 3211 Stephanus
932 3126 1033 3192 Indic.
1047 3128 1142 3194 Thes.

113 3230 152 3295 L.
175 3232 235 3295 Gr.
256 3250 290 3315 p.
309 3230 383 3314 696.
407 3228 590 3314 intelligens
615 3227 800 3312 ἀλαλαγμὸν,
825 3224 978 3291 clamorem
1004 3230 1146 3294 ineunda

110 3347 245 3420 pagna:
267 3328 383 3394 melius
396 3329 560 3416 Xylander
574 3327 690 3407 reddit,
706 3327 869 3392 axillamm
876 3328 1033 3417 sertorem:
1057 3329 1143 3395 Cru-

113 3433 210 3497 serius
227 3430 325 3496 viras.
361 3430 502 3515 Eupolin
519 3430 559 3494 fic
580 3429 672 3493 usum
690 3429 752 3493 effe
773 3429 879 3493 scribit
898 3428 1011 3495 Pollux
1027 3431 1072 3493 ΙΙ.
1088 3448 1141 3517 79.

113 3531 200 3612 Alia,
217 3531 333 3618 quibus
355 3530 424 3595 baec
447 3529 537 3595 notio
559 3530 713 3609 firmetur,
729 3529 819 3594 dedit
833 3531 1017 3597 Gatakerua
1030 3530 1071 3596 ad
1090 3534 1142 3598 M.

114 3632 195 3700 Ant.
212 3656 245 3719 p.
263 3633 336 3718 163.

159 3736 231 3799 180.
247 3735 288 3801 C.
311 3733 362 3820 ιγ’.
382 3731 638 3818 Ἐναγκυλοῦμενον
657 3734 690 3797 ri
709 3732 844 3817 ἀκάτιον]
868 3730 992 3798 militem
1012 3734 1065 3822 qai
1085 3735 1143 3800 ba·

103 3832 176 3921 stile
197 3847 310 3899 amento
335 3844 475 3923 aptaret:
498 3833 561 3897 hoc
575 3834 662 3898 enim
682 3833 715 3897 in
738 3833 804 3919 ipsa
818 3833 949 3920 demum
963 3855 1074 3922 pugna
1092 3838 1142 3901 fa·

116 3957 188 4000 cere
211 3934 358 4014 debebat,
382 3957 483 4022 quum
505 3934 578 4000 usus
602 3935 767 4020 posceret:
797 3946 834 3999 ut
859 3934 1059 4024 phalangitas
1081 3940 1146 4004 tela

116 4034 256 4101 habebat
274 4034 347 4114 tria,
368 4036 472 4121 primo
493 4048 527 4100 et
542 4036 705 4122 praecipuo
718 4033 791 4100 loco
801 4036 957 4123 sarr'ffam,
980 4051 1051 4102 tum
1070 4040 1145 4126 gla-

117 4137 214 4215 dium;
233 4149 301 4200 tum
318 4136 434 4222 afflia
437 4135 561 4223 jemla,
573 4158 645 4222 quse
661 4135 738 4200 item
753 4135 872 4221 hostilia
886 4137 1048 4219 dicuntur,
1062 4141 1145 4205 antv-

118 4263 165 4300 πα
173 4262 183 4318 ;
208 4237 277 4302 hac
292 4237 367 4301 loris
382 4236 492 4303 manui
505 4238 708 4324 aptabantur,
729 4236 843 4323 itaque
856 4238 1037 4326 torquendo
1050 4242 1145 4310 emit·
