2692 4770
271 364 472 427 aroanna.
488 366 750 426 anemone.
769 361 1056 441 arear-naa
1100 369 1176 435 109⁸

189 525 260 589 186.
273 529 308 591 F.
324 528 598 614 ΙΦΙΚΡΑῚῸΥΣ]
622 531 658 594 In
673 529 736 593 hoc
752 550 817 592 non
832 526 933 591 solum
947 522 1172 610 imperatorie,

143 644 253 689 verum
270 628 366 693 etiam
380 631 526 695 oratorie
544 645 626 694 artes
644 631 787 707 fuerunt,
803 641 841 691 ut
854 625 967 693 Justini
982 624 1083 688 verbis
1097 638 1170 688 uta·
1282 679 1284 684 .

143 746 229 803 mur,
243 728 302 791 Vl.
319 744 351 812 5.
389 731 498 809 Certe,
514 745 550 794 ut
573 753 709 817 magnus
731 729 805 794 belli
824 728 901 808 dux,
921 728 966 792 ita
986 725 1073 790 haud
1090 747 1170 789 con·

142 829 334 912 temnendus
350 830 411 893 fuit
425 847 548 895 orator:
573 846 605 895 et
620 831 804 895 Aristoteles
818 852 892 893 eum
911 829 943 891 in
964 847 1098 894 numero
1112 826 1171 890 ha·

140 925 211 989 buit
232 951 356 1007 eorum,
380 953 516 1017 quorum
539 931 624 995 dieta
646 932 794 1018 stequens
816 931 849 994 in
871 930 958 994 libris
980 926 1170 993 Rhetorico·

140 1050 211 1091 rum
228 1029 372 1096 laudaret
386 1047 418 1096 et
437 1034 468 1096 in
484 1034 629 1119 exempla
648 1033 834 1097 imitationis
856 1043 1059 1118 proponeret.
1101 1028 1170 1115 igi-¹

140 1141 194 1192 tur
208 1154 307 1216 quum
323 1134 462 1198 universe
479 1147 562 1198 acute
577 1136 669 1213 dica,
685 1134 733 1199 vel
749 1134 903 1198 meditata
921 1134 953 1196 in
974 1130 1171 1197 orationibus

138 1234 405 1316 pronuncientur,
422 1235 470 1299 vel
485 1236 585 1300 subita
600 1235 630 1300 in
648 1238 791 1300 sermone
804 1236 987 1323 jaciantur:
1011 1256 1049 1297 ex
1065 1232 1170 1318 priore

136 1354 256 1419 genere
278 1337 441 1401 censemus
465 1340 523 1402 lV.
538 1353 571 1402 et
585 1339 635 1402 V:
663 1337 784 1423 reliqua
799 1360 838 1401 ex
855 1336 1023 1422 posteriore
1038 1357 1167 1421 genere.

136 1434 189 1499 De
204 1436 387 1522 eloquentia
401 1453 435 1503 et
456 1439 652 1503 orationibus
672 1438 842 1523 Iphicratis
857 1436 1004 1524 quaedam
1021 1435 1169 1500 dixerunt

138 1535 172 1597 P.
187 1535 348 1600 Vitiorius
370 1537 410 1601 ad
429 1539 560 1602 Aristot.
579 1539 673 1603 Rhet.
690 1540 735 1602 ll.
758 1559 791 1624 p.
804 1556 880 1618 402.
895 1551 928 1600 et
941 1538 1016 1617 408.
1054 1536 1105 1599 M.
1121 1536 1165 1602 A.

135 1635 286 1700 Muretus
296 1639 374 1708 Var.
386 1638 577 1703 LettVlll.
591 1658 642 1705 22.
664 1641 696 1704 J.
706 1639 861 1726 Taylorus
872 1636 912 1700 ad
925 1638 1024 1722 Lyfiae
1037 1638 1165 1722 Fragm,

134 1757 168 1820 p.
184 1738 267 1822 637:
291 1739 516 1827 inprimisqui
536 1741 595 1804 hos
615 1762 743 1827 quoque
763 1739 872 1804 citavit
891 1741 936 1804 D.
953 1737 1167 1804 Ruhnkeniua

135 1837 168 1900 in
186 1839 267 1901 Hist.
282 1840 363 1903 Crit.
381 1841 507 1904 Orator.
524 1844 582 1905 Gr.
598 1863 631 1926 p.
645 1859 699 1925 57.

181 1940 252 2003 186.
269 1942 303 2003 F.
328 1940 365 2004 α’.
380 1942 536 2027 Ἰρικρᾶτης
554 1943 636 2005 δοκῶν
650 1946 702 2016 uide
717 1942 783 2021 οίνοιρ
802 1941 1018 2025 σκποτίμμ]
1044 1942 1093 2003 Ex
1107 1962 1164 2004 eo-

133 2039 207 2103 dem
232 2040 361 2104 auttore
380 2043 463 2106 hanc
487 2042 632 2107 notitiam
656 2043 755 2106 refert
782 2043 938 2128 Ulpianus
962 2043 1108 2106 Enarrat.
1131 2040 1172 2128 in¹

134 2141 300 2204 Demosth.
317 2143 408 2206 Orat.
422 2143 505 2207 Adv.
519 2143 655 2208 Mldlam
676 2165 709 2230 p.
719 2145 798 2228 655.
814 2146 840 2209 B
856 2169 863 2208 τ
886 2143 916 2221 ἦν
936 2148 996 2230 γὰρ
1011 2148 1024 2205 δ
1037 2143 1164 2229 Ἰφικρά-

132 2268 180 2317 της
200 2244 231 2304 ἐκ
254 2243 374 2305 σκυτέων
392 2244 523 2328 γεγονώς·
547 2243 709 2326 ηὐδοκίμησε
728 2247 755 2306 δί
776 2244 934 2321 διὰταύτην
947 2248 994 2321 τήν
1009 2243 1163 2329 πρόφασιν·

131 2345 283 2426 ςρατιίντης
301 2341 336 2405 οδν
356 2343 376 2429 'l
402 2343 566 2429 ναυμαχῶν,
590 2346 716 2421 ἐπήδησεν
737 2346 791 2407 erl
812 2350 859 2419 τῆς
878 2349 960 2406 αὑτοῦ
974 2341 1036 2416 ateis
1051 2345 1087 2417 είς
1100 2368 1169 2406 ιντο11

131 2444 232 2523 >epistt
249 2445 353 2531 τριήρη,
375 2443 421 2525 καί
440 2447 486 2508 τδν
508 2448 646 2530 ςρατηγδν
664 2454 718 2508 τῶν
736 2445 880 2526 πολεμίαν
895 2444 1162 2528 ἐναγκαλισάμενος,

130 2550 268 2623 μετῆλθεν
291 2544 369 2619 αὖθις
392 2545 464 2631 ἔχων
482 2548 563 2608 αὖτδν
582 2550 618 2619 είς
636 2550 685 2623 τὴν
698 2545 798 2608 οίκείαν
811 2546 913 2631 τριήρη·
937 2546 1018 2631 ridel
1032 2550 1101 2606 τὲσο
1114 2550 1163 2620 τῆς

130 2644 250 2729 ἇριςείας
269 2644 425 2724 ἐπαινεθείς,
447 2648 583 2731 ςρατηγδς
603 2648 800 2732 ἐχειροτονήθη·
825 2645 872 2725 κα)
887 2646 1092 2733 παραστάντας
1111 2645 1162 2719 'rtis

129 2746 284 2830 ςρατηγοδς
305 2747 366 2819 τοὺς
387 2746 450 2808 τότε
470 2746 555 2826 μείζω
581 2750 628 2823 τήν
652 2746 739 2809 πόλιν
759 2745 907 2827 ὠφέλησεν·
935 2765 1031 2830 quem
1052 2744 1162 2809 locum

130 2846 280 2910 mutilum
304 2847 406 2910 dicam
435 2847 542 2932 itaque
565 2846 759 2933 explendum
781 2852 828 2922 τῆς
851 2846 972 2935 ἁςιςείας
995 2846 1092 2931 ἔτυχεν
1115 2843 1163 2927 καὶ

127 2949 275 3023 ἐπαινεθεὶς
292 2975 337 3035 5?-
359 2953 407 3033 ἐχ.
423 2948 532 3012 citavit
546 2972 619 3012 eum
642 2951 674 3014 J.
690 2938 845 3036 Taylorus
860 2948 900 3011 ad
916 2948 1015 3034 Lysrae
1032 2951 1159 3034 Fragm.

127 3072 161 3136 p.
175 3054 250 3135 637.
267 3075 326 3115 nec
341 3051 436 3138 hujus
452 3052 513 3116 loci
531 3051 711 3116 Plutarchei
727 3051 846 3116 oblitus
860 3051 912 3114 est.
939 3052 1055 3115 Venet.
1071 3050 1159 3116 Voss.

126 3154 164 3217 T.
180 3155 222 3218 V.
247 3157 280 3218 P.
304 3175 362 3238 pro
383 3153 558 3239 τραυματίαν
582 3152 660 3216 dant
678 3152 864 3238 τραυματίας,
893 3150 984 3214 Harl.
1009 3149 1160 3234 τρασμίνος

126 3257 247 3336 vitiose,
264 3271 302 3320 ut
322 3272 473 3342 appareat
493 3245 599 3321 tamen
614 3257 820 3343 depravatum
837 3279 876 3320 ex
893 3253 1069 3340 τετρωμένος,
1083 3255 1158 3320 vul-

126 3373 248 3422 neratus
270 3357 374 3422 reddit
393 3359 526 3444 Regius,
542 3360 715 3445 Amyotus‚
730 3373 764 3423 et
784 3359 871 3422 hunc
892 3358 1023 3444 sequens
1048 3360 1158 3423 Ricar-
1191 3418 1194 3425 .

126 3458 198 3523 dns.
239 3457 336 3524 Haud
351 3458 414 3522 scio
427 3481 466 3522 an
482 3459 513 3522 in
533 3458 662 3544 Ulpiani
676 3459 779 3523 verbis
796 3457 950 3522 indicium
967 3458 1002 3521 fit
1017 3472 1158 3525 veterem

123 3559 296 3628 lectionem
312 3560 400 3624 suille
414 3560 563 3647 ςρατιῶτης
578 3558 623 3623 σίν.

167 3685 200 3750 p.
219 3665 290 3748 187.
306 3664 350 3727 A.
373 3660 412 3741 β’.
435 3666 499 3725 Οὐκ
513 3661 546 3725 ἂν
560 3661 781 3746 προσεδόκησα]
806 3663 921 3726 Totam
943 3662 1026 3727 hanc
1046 3685 1157 3728 narra·

124 3764 246 3829 tionem
273 3765 314 3829 ad
338 3766 469 3828 verbum
497 3762 655 3848 descripsit
679 3765 826 3827 Stobaeus
850 3763 1000 3851 Florileg.
1025 3766 1099 3828 Lll.
1123 3787 1156 3852 p.

122 3869 198 3951 365.
235 3866 301 3930 Alii
323 3866 392 3929 aliis
417 3865 563 3929 tribuunt
587 3863 649 3929 hoc
671 3864 814 3929 dietum:
839 3865 980 3951 Scipioni
1001 3867 1157 3931 Africano

121 3968 268 4032 Valerius
288 3968 451 4031 Maximus
467 3968 545 4030 Vll.
563 3987 602 4034 2:
628 3967 722 4053 Scipio
737 3989 806 4030 vero
820 3966 987 4051 Africanus
1007 3980 1091 4052 turpe
1104 3968 1157 4054 effe

122 4070 224 4134 aiebat
239 4070 271 4131 ἰιι
282 4094 314 4131 re
326 4069 453 4131 militari
466 4069 570 4144 dicere,
587 4067 656 4132 Non
668 4081 820 4153 putaram.
858 4067 956 4132 Fabio
971 4071 1091 4132 Seneca
1104 4069 1157 4134 De

121 4172 173 4234 Ira
189 4173 233 4234 ll.
249 4191 288 4256 31
305 4197 312 4235 ι
339 4169 546 4257 Turpiffimam
566 4170 667 4233 aiebat
684 4168 795 4232 Fabius
810 4169 980 4256 imperatori
993 4170 1155 4257 ‘’recusatio-

120 4296 183 4337 mm
200 4274 263 4361 affl,
282 4272 349 4338 Noa
359 4271 484 4359 putavi.
523 4270 803 4336 Sineauctoritate
821 4283 859 4337 ut
880 4269 1022 4337 universe
1040 4292 1154 4340 caven.

589 4368 683 4456 ινδ
