2692 4770
298 292 1058 373 rnAEcnmnsnmnwann.p.1snm-n
1135 301 1196 365 tet

204 473 240 540 p.
253 472 327 540 134.
340 458 384 522 A.
406 457 635 547 καταφερόμενος]
660 458 790 526 Scilicet
803 459 992 547 nsonnum
1013 416 1196 525 octavini·

160 553 202 621 e'd
217 577 249 642 p.
263 572 316 641 71.
332 558 373 623 C.

203 676 277 744 134.
292 660 336 725 A.
357 660 448 750 dom?
463 661 576 751 cippo]
602 663 751 730 Refertur
764 661 804 728 ad
819 659 1132 727 commendationem
1145 658 1194 725 le·

156 760 258 847 gendi
272 784 310 827 ac
325 764 491 844 recitandi,
505 787 578 852 quae
593 767 636 830 est
652 786 686 852 p.
703 784 776 851 130.
791 765 907 830 Α-Ε.
1228 839 1234 852 ¹

204 878 279 945 134.
294 866 337 928 A.
359 861 450 951 ὥσπερ
464 870 488 928 ot
501 865 665 951 mtnol—]
691 865 743 931 De
757 865 819 930 hac
833 863 941 930 saeculi
957 862 1046 929 istiua
1059 862 1193 928 consue·

132 968 135 973 '
158 959 272 1026 tudine
294 965 416 1030 Seneca
434 965 531 1053 Epist.
548 967 690 1032 CXXII.
724 965 888 1032 Consolat.
908 965 949 1031 ad
967 962 1116 1031 Helviam
1132 962 1193 1027 lx.

156 1084 192 1149 p.
217 1083 298 1150 1132
339 1068 476 1156 Undique
501 1070 666 1136 convehunt
690 1068 788 1133 omnio
811 1079 884 1133 noto
899 1066 1073 1156 fastidienti
1093 1065 1192 1155 gula.

156 1164 250 1251 Quod
261 1167 414 1255 dfftlutus
428 1168 541 1234 deliciis
543 1169 713 1257 stomachus
724 1170 781 1236 vix
794 1169 947 1250 admittat,
960 1169 999 1234 ab
1007 1168 1111 1235 ultimo
1123 1183 1194 1256 por·

156 1260 241 1333 tolur
258 1269 385 1337 Oceano.
422 1273 547 1338 Veniunt
556 1286 590 1338 ut
604 1275 706 1353 edom,
720 1274 813 1339 edunt
824 1285 859 1338 at
871 1285 1015 1339 vomant:
1038 1283 1067 1336 et
1079 1270 1200 1360 epulas,

155 1394 233 1458 quas
248 1385 305 1437 toto
327 1374 394 1439 orbe
414 1376 600 1464 conquirunt,
614 1401 667 1441 nec
679 1399 850 1464 concoquere
862 1374 1040 1464 digerantur.
1076 1371 1195 1438 Plioiue

156 1474 204 1539 H.
219 1476 265 1540 N.
284 1478 377 1542 XIV.
395 1478 456 1544 28:
478 1478 658 1567 -ingentia
675 1479 751 1567 occsa
769 1477 924 1568 corripere,
942 1477 1026 1542 velut
1044 1476 1088 1540 od
1101 1475 1193 1564 osten·

156 1576 295 1642 tationem
312 1579 437 1660 virium,
458 1605 493 1645 oc
511 1581 597 1668 plene
607 1580 775 1668 infundere,
790 1592 826 1645 ut
835 1578 943 1667 statim
955 1592 1099 1644 nonant:
1121 1602 1194 1643 mr·

144 1680 258 1767 susque
275 1682 432 1762 boumont,
452 1681 539 1771 idque
551 1683 658 1749 iterum
673 1682 857 1771 tertiamque.
894 1682 1021 1748 XXIX.
1037 1682 1076 1746 8:
1102 1683 1194 1748 Pons

155 1781 261 1845 deiude
271 1784 441 1872 jq'unorum
454 1809 490 1848 ao
503 1785 673 1850 vomitiones
685 1796 715 1848 et
728 1784 830 1872 rursm
848 1784 1074 1873 perpotationes.
1110 1785 1192 1849 Sue·

155 1883 264 1949 tonius
279 1885 411 1952 Vitellio
432 1905 490 1972 13:
514 1886 618 1975 epulas
638 1886 792 1974 trffariom
803 1887 933 1976 semper,
952 1885 1100 1950 interdum
1114 1903 1192 1974 quaa

155 1984 318 2072 ‘insariam
341 1988 550 2076 dispertiebat:
581 1989 614 2052 in
627 1987 801 2076 jentaculo,
819 1998 848 2051 ct
866 1987 1012 2075 prandio,
1035 1997 1063 2050 et
1083 2012 1193 2069 coenos,

155 2088 435 2178 ccniffittimsqac:
452 2089 554 2177 facilc
575 2091 708 2156 ominbus
719 2089 874 2178 sufficiam
895 2088 1062 2155 vanitandi
1077 2089 1192 2178 confite-

156 2190 277 2256 tudine:
299 2191 356 2256 ubi
370 2213 476 2278 openae
491 2192 630 2278 pretium
650 2193 694 2258 est
711 2191 819 2281 legere
835 2192 1081 2257 casaubonum:
1105 2189 1194 2256 etad

155 2290 208 2380 Ej.
221 2292 395 2358 Claudium
408 2312 464 2379 33.

200 2414 274 2480 134.
289 2396 327 2459 Β.
350 2396 496 2478 κοαῖόμενα
509 2398 617 2482 ῥεῖθρα]
643 2396 723 2461 Non
745 2395 817 2462 sunt
836 2393 969 2460 flumina
983 2393 1081 2473 scilla,
1104 2407 1138 2458 et
1159 2392 1193 2457 in

155 2494 237 2565 rivos
259 2495 401 2576 diducta,
428 2496 548 2584 quippe
571 2519 643 2584 quae
665 2496 712 2561 ita
732 2497 881 2562 sedantur
900 2511 934 2562 et
955 2496 1131 2575 leniuntur,
1155 2508 1194 2561 ut

153 2598 345 2664 Plutarchus
367 2613 459 2664 notat
480 2621 513 2685 p.
531 2618 584 2685 93.
599 2601 638 2664 E.
661 2598 714 2663 sed
737 2599 858 2686 agitata
879 2611 915 2662 et
933 2597 1064 2686 percufflt
1083 2594 1193 2676 remis,

153 2699 269 2780 contis,
285 2701 384 2767 aliave
398 2702 532 2780 ratione,
549 2700 666 2788 quibus
685 2701 841 2766 continuo
854 2699 1006 2787 deinceps
1021 2712 1056 2765 et
1073 2719 1201 2785 vacuus,

154 2805 191 2868 tit
202 2803 294 2869 locus
308 2818 342 2869 et
357 2804 509 2891 repletur.

199 2926 271 2992 134.
286 2907 330 2973 D.
354 2905 457 2982 xc'xne5
471 2909 546 2982 τινὰς
560 2905 685 2993 Krtllet]
711 2929 824 2971 coccum
841 2904 987 2971 Gnidiam
1000 2904 1033 2970 in
1048 2925 1190 2993 purgan-

152 3009 241 3074 tibus
255 3010 397 3075 recenset
411 3008 524 3074 Celsue
539 3010 582 3076 V.
597 3028 638 3093 4:
662 3022 822 3074 memorat
836 3008 954 3074 ibidem
970 3009 1002 3073 8.
1018 3009 1068 3072 18.
1094 3006 1190 3073 Dios·

152 3112 279 3179 coridee
293 3114 345 3177 M.
359 3113 410 3178 M.
424 3113 482 3177 IV.
501 3128 573 3197 173.
612 3111 731 3179 Pliniue
746 3113 843 3177 XIII.
857 3132 911 3199 35.
933 3112 1078 3177 XXVII.
1092 3113 1148 3193 46.

197 3235 270 3300 134.
282 3215 327 3280 D.
342 3213 530 3302 ἄσαγκςίτας]
549 3213 744 3281 Meziriecua
758 3213 881 3281 notavit
892 3213 1087 3302 ἇονγαράτες·
1103 3211 1191 3300 quod
1329 3292 1332 3305 Ι

151 3316 256 3404 magis
279 3316 444 3402 proprium
469 3315 514 3380 est
536 3314 597 3380 Ino
620 3315 732 3381 inre:
757 3326 791 3382 et
814 3315 988 3382 Plutarcho
1008 3313 1190 3381 adhibitum

151 3419 239 3505 Opp.
255 3418 343 3483 Mor.
358 3438 392 3504 p.
405 3416 481 3498 418.
496 3416 541 3481 D.
568 3435 662 3484 1112.
678 3416 719 3482 C.

197 3539 270 3606 134.
285 3521 330 3584 D.
354 3524 376 3582 el
391 3520 411 3581 δ’
425 3518 536 3604 ἀνάγκη
550 3519 616 3582 nori
631 3517 817 3605 mendico]
841 3518 989 3584 Verbum
1002 3515 1190 3602 tempst-

151 3646 201 3686 ναν
222 3635 256 3686 ct
276 3620 318 3685 ad
339 3620 436 3709 hujus
458 3621 523 3686 loci
539 3621 728 3699 sententiam
748 3621 966 3702 necessarium,
985 3621 1078 3688 etad
1097 3620 1190 3688 usum

150 3725 292 3814 elegans,
314 3726 494 3791 notavimus
515 3748 549 3812 p.
564 3727 619 3808 64.
634 3726 679 3791 D.

196 3846 269 3913 134.
282 3828 322 3891 Ε.
337 3831 385 3907 τὴν
399 3825 547 3914 ἀπέρασιν]
572 3828 652 3892 Non
663 3828 706 3892 est
719 3826 910 3893 mutandum
923 3848 998 3892 omn
1012 3826 1191 3893 Meziriaco

150 3928 184 3993 in
202 3928 352 4008 ἂπέλασιν,
368 3930 453 4017 quali
468 3928 671 4017 expulsionem.
702 3929 859 3995 Omiffum
880 3929 922 3994 ab
943 3931 990 3995 H.
1010 3930 1188 4015 Stephano,

151 4030 304 4118 liquidem
324 4030 419 4096 Ibes.
442 4033 481 4096 L.
502 4033 561 4097 Gr.
576 4032 615 4096 T.
630 4033 693 4096 111.
715 4051 749 4117 p.
765 4031 840 4117 238.
860 4031 893 4096 in
903 4030 1123 4117 Theophrasto
1136 4031 1191 4097 De

152 4131 273 4197 Cauffis
291 4133 393 4198 Plant.
409 4134 454 4197 ll.
472 4152 529 4198 10:
551 4140 632 4197 reiro
647 4133 674 4196 li
689 4131 817 4196 nolim
836 4129 882 4214 nal
895 4130 1105 4220 insperserunt
1119 4130 1188 4196 ἔλα·

153 4231 197 4296 θεν
211 4239 294 4320 ι’νγροῦ
308 4233 355 4314 nol
366 4234 527 4317 πνεύματος
546 4232 593 4314 nol
610 4236 648 4298 ri>
660 4235 762 4323 &epple
778 4233 945 4324 indixerat,
959 4232 1060 4303 noluit
1071 4233 1191 4323 corrigi

631 4355 652 4422 3
669 4356 681 4400 1
697 4353 720 4417 4
