2692 4770
229 331 310 396 ¹¹7⁴
422 326 461 387 1).
469 329 521 388 W.
542 329 751 390 ANIMADV.
772 328 820 388 IN
840 324 1076 387 PLtrrAacnt

232 486 404 553 eruta-cho
426 491 580 578 nyma.
602 514 635 579 p.
649 442 729 578 435.
743 492 819 578 43⁶.
853 490 1000 558 Diodoro
1021 488 1087 555 stc.
1110 482 1272 568 xn1.76

231 591 351 759 ..iia
366 695 404 758 B.
428 692 482 779 α’.]
509 697 570 760 Res
585 695 650 782 ipsa
664 696 759 783 plane
773 717 847 761 cum
864 640 927 759 illis
942 692 1112 759 hominum
1128 685 1271 776 ingeniis

232 814 270 856 ac
286 795 484 881 temporibus
499 799 702 877 conveniens,
718 822 757 864 ex
772 798 898 884 perdito
914 795 1061 860 historico
1081 794 1187 858 sumta
1199 791 1267 854 este

231 892 355 959 dietum
371 896 411 960 ad
428 894 625 963 Cleandrum
642 900 789 964 eamdem
804 900 940 964 formam
953 897 1052 962 habet
1067 914 1168 980 quam
1186 890 1268 956 Ale·

231 993 344 1058 xandri
358 997 406 1061 -ad
431 999 671 1065 Parmenionem
697 1001 878 1087 responsum
902 1020 935 1086 p.
953 999 1025 1063 180.
1040 998 1081 1062 C.
1104 1007 1268 1059 notatum.

232 1095 392 1162 Cleander
407 1101 579 1185 Spartanus
594 1124 670 1166 mox
684 1101 780 1166 etiam
796 1113 993 1165 memoratus
1006 1098 1044 1172 ς’.
1067 1097 1156 1162 idem
1177 1093 1268 1159 tuiffe

230 1194 366 1277 videtur,
382 1222 479 1286 quem
500 1202 606 1285 postea
627 1202 775 1289 Byzantii
791 1201 981 1266 harmostam
1003 1197 1191 1285 Xenophon
1209 1216 1267 1260 co·

230 1298 342 1384 gnovit
357 1299 390 1363 in
406 1301 541 1366 Anabafi
555 1304 632 1368 Vll.
651 1323 680 1367 1.
697 1305 814 1385 6-24.

276 1419 349 1465 222.
368 1402 407 1465 C.
429 1402 484 1487 β’.]
520 1406 672 1468 Sumtum
698 1427 736 1469 ex
763 1403 931 1470 Plutarcho
955 1402 986 1467 in
1011 1401 1090 1471 Vua
1112 1396 1268 1487 Lysandri

230 1521 264 1586 p.
286 1504 361 1586 436.
385 1505 425 1567 C.
449 1504 513 1590 seq.
558 1502 699 1569 Breviter
726 1520 759 1570 et
787 1505 922 1591 carptim
952 1506 1051 1569 'refert
1080 1500 1266 1588 Xenophon

230 1603 394 1669 Hellenic.
419 1608 445 1669 l.
468 1609 499 1668 6.
520 1623 552 1689 7.
594 1607 638 1670 Et
661 1607 731 1671 haec
750 1629 822 1694 pars
843 1607 1037 1673 defideratur
1057 1605 1090 1670 in
1115 1604 1174 1670 illo
1194 1604 1267 1669 loco

228 1702 316 1769 Vitae
339 1705 503 1792 Lysandri,
526 1711 597 1792 Οὐχ
618 1706 688 1772 οὕτω
701 1708 1145 1795 πεδαςέον-Σπᾶρτηςσοιὸῃ
1181 1705 1265 1794 Qui·

228 1804 290 1870 bus
312 1805 344 1871 in
358 1808 461 1873 verbis
484 1813 539 1895 οὐχ
565 1809 752 1874 sententiam
774 1810 895 1888 obruit,
915 1832 988 1897 quae
1011 1808 1196 1896 hujusmodi
1215 1831 1265 1872 re·

227 1907 377 1995 quiritur,
401 1913 451 1975 Ita
474 1914 608 2000 pecuniae
621 1910 815 1998 studendum,
837 1925 873 1977 ut
894 1937 931 1976 ne
952 1913 1026 2000 quid
1048 1911 1162 1999 Sparta
1184 1910 1266 1973 indi·

225 2034 320 2098 gnum
337 2013 516 2099 faciamus:
550 2029 647 2102 atque
671 2015 710 2079 fic
732 2014 943 2080 reddiderunt
965 2013 1084 2100 Regius
1112 2026 1148 2076 et
1172 2013 1266 2077 Eras-

228 2134 324 2178 mus:
356 2126 391 2178 et
415 2116 454 2180 fic
478 2115 579 2181 voluit
604 2115 795 2182 Harleianua
819 2115 931 2197 codex,
960 2138 1019 2203 pro
1048 2117 1159 2194 ἀνάξιον
1186 2114 1267 2179 dana

227 2212 315 2292 ἄξιον.

270 2336 344 2385 222.
357 2322 395 2384 Ε.
417 2319 476 2407 y'.]
505 2324 541 2386 ln
558 2322 694 2408 Agcfilai
709 2322 801 2388 dictis
815 2323 917 2387 fertur
938 2324 1062 2408 phrg.
1081 2321 1123 2386 C.
1139 2334 1174 2387 et
1190 2340 1265 2408 190.

228 2421 264 2485 F.
282 2421 337 2486 ubi
352 2423 414 2486 alia
427 2423 522 2488 etiam
539 2426 729 2489 notavimus.

272 2543 345 2591 222.
361 2528 398 2588 E.
422 2525 469 2611 u]
508 2528 545 2589 Et
569 2527 630 2590 hoc
650 2550 688 2591 ex
710 2526 848 2613 Agcfilai
870 2526 963 2591 ditiis
985 2525 1050 2591 huc
1067 2528 1266 2608 transsatum,

226 2641 314 2690 certe
330 2629 496 2691 confusum
513 2651 586 2692 cum
604 2628 658 2691 illo
674 2651 705 2714 p.
720 2650 792 2714 213.
810 2631 853 2692 D.
869 2628 925 2706 ξδ’.

270 2748 344 2795 222.
364 2733 400 2793 E.
423 2732 469 2815 22]
496 2735 523 2795 Ε
546 2733 763 2819 Xenophonte
789 2732 951 2797 Hellenic.
975 2732 1002 2793 I.
1025 2733 1057 2794 6.
1083 2750 1145 2816 23:
1176 2731 1266 2796 unde

227 2831 323 2895 etiam
341 2832 455 2897 Cicero
472 2835 535 2896 Off.
552 2836 577 2897 l.
596 2853 648 2915 24.

271 2949 343 2997 222.
363 2936 401 2996 Ε.
424 2934 475 3017 ς’.]
503 2936 661 3001 l’otiorem
684 2935 872 3000 narrationis
895 2948 1030 3020 partem,
1054 2957 1128 3021 qnae
1151 2935 1265 3000 termi-

225 3047 322 3098 natur
342 3034 428 3099 didio
449 3039 494 3098 Οὐ
513 3041 583 3121 παρ’
601 3039 647 3099 ’ἕνα
669 3044 707 3100 τὰ
725 3039 873 3123 Σπάρτας,
896 3037 994 3100 habet
1018 3037 1209 3101 Plutarchus
1231 3037 1264 3102 ln

226 3135 379 3223 Pelopida
395 3159 428 3224 p.
446 3139 518 3219 278.
538 3139 578 3202 C.
616 3140 765 3204 Formula
788 3142 861 3224 παρ’
877 3139 922 3202 ἕνα
936 3138 1078 3217 ruini&
1095 3136 1185 3223 sulus
1200 3139 1265 3202 oli-

224 3237 306 3326 cujur
321 3238 352 3302 in
366 3262 424 3302 uno
440 3238 553 3301 homine
571 3240 663 3326 prpita
685 3238 734 3325 est,
757 3239 968 3326 intelligenda
985 3261 1024 3303 ex
1038 3238 1076 3302 iis
1090 3262 1164 3325 quae
1179 3239 1264 3304 dixi·

225 3363 299 3405 mus
314 3340 353 3404 ad
369 3362 402 3427 p.
421 3359 493 3426 177.
509 3343 553 3405 D.

266 3466 298 3529 p.
314 3463 388 3527 223.
404 3444 446 3506 Α.
471 3441 1171 3527 κΛΕοΜΒΡσΓονΤῡνΠΑνΣΑΜσΜ
1199 3441 1266 3506 Hie

223 3544 369 3610 Leuctris
391 3543 527 3608 cecidit:
559 3543 670 3608 multis
692 3559 901 3623 memoratus,
914 3565 996 3629 quos
1017 3543 1135 3629 partim
1154 3543 1265 3608 citarit

223 3646 382 3710 Meursius
406 3647 457 3710 De
482 3649 593 3732 Regno
616 3646 733 3709 Laced.
757 3648 835 3710 XII.
852 3669 892 3734 p.
908 3649 962 3709 61.
1000 3645 1150 3730 Ejusdem
1165 3668 1266 3733 argu·

223 3748 324 3813 menti
341 3751 383 3812 cll
398 3749 521 3813 dietum
536 3747 670 3833 alicujup
691 3771 755 3811 non
780 3747 936 3811 nominati
954 3745 1102 3833 Spartani
1120 3746 1161 3809 ad
1179 3749 1264 3811 Der·

222 3851 387 3938 cyllidam,
415 3850 577 3936 proditum
603 3849 635 3912 in
661 3849 738 3912 Vita
765 3849 908 3936 Lycurgi
930 3871 963 3934 p.
978 3849 1032 3928 48.
1055 3848 1097 3912 C.
1124 3848 1267 3934 indequc

221 3955 360 4019 relatum
376 3953 408 4016 in
426 3952 595 4037 Apophth.
614 3954 689 4015 Lac.
707 3951 847 4037 Lycurgi
862 3972 894 4035 p.
912 3968 984 4033 227.
1002 3953 1036 4013 F.

267 4077 340 4141 223.
356 4059 397 4120 A.
426 4053 1186 4137 narzouauorz‘Tornmtznnapmaoy
1213 4053 1266 4117 De

220 4159 284 4221 hoc
301 4161 449 4243 frequens
465 4157 549 4243 apud
565 4160 698 4220 Veteres
719 4155 852 4233 mentio,
868 4176 949 4241 quos
965 4154 1082 4239 partim
1098 4177 1264 4220 memora·

220 4261 264 4326 vit
281 4260 439 4326 Meursrus
461 4261 513 4325 De
534 4261 637 4346 Regn.
652 4255 771 4324 Laccd.
788 4258 866 4326 XII.
891 4278 923 4345 p.
940 4274 1006 4342 572
1030 4279 1170 4345 regnum
1192 4257 1268 4346 ejus
