2692 4770
162 363 224 432 774
358 360 454 424 ow.
473 349 682 424 stimant.
702 358 750 423 nt
768 347 998 429 asmancia

165 529 241 597 λῶςε
275 523 435 613 Euripidis
459 526 520 592 esse
543 538 654 594 monet
679 524 864 613 Simplicius
888 522 929 588 ad
952 520 1043 586 illum
1071 517 1192 584 locum.

166 623 255 688 Hinc
279 624 311 690 in
336 628 534 716 fragmentis
564 632 761 695 incertarum
788 623 1030 713 ngoediarum
1057 620 1193 708 pofitum

165 725 268 789 Num.
286 726 392 792 CXX.
406 729 484 795 edit.
500 732 662 818 Musgrav.
699 728 787 794 Huic
801 727 899 792 simile
919 726 963 792 eti
983 720 1195 810 Euripideum

164 823 200 890 iu
215 829 333 893 lncert.
348 831 450 895 Num.
465 833 575 897 XXX.

28 1004 35 1015 ι
211 931 282 994 116.
306 933 447 1017 F—117.
467 935 510 998 A.
542 935 589 999 Ta
612 931 947 1018 προπεσόντα-δοιαὶ]
972 925 1136 1015 Euripidis
1155 947 1194 992 cx

154 1030 372 1125 Melanippes
396 1052 460 1121 qua
478 1036 536 1101 sub
554 1034 756 1122 inscriptione
770 1033 805 1098 hi
817 1033 922 1099 versus
934 1033 1055 1097 exstant
1068 1029 1101 1095 in
1116 1030 1193 1095 Sto'·

155 1133 236 1198 ³bae0
250 1134 357 1199 Floril.
372 1136 437 1200 Tit.
451 1136 539 1202 CVI.
555 1136 634 1202 edit.
649 1136 747 1203 Gesn.
760 1136 836 1221 568.
859 1136 954 1202 Grot.
967 1147 1044 1219 451.
1059 1152 1126 1198 una
1139 1154 1194 1197 va·

159 1233 277 1300 rietate
298 1237 444 1302 vocabuli
464 1238 645 1324 sambrum
662 1260 721 1325 pro
732 1235 950 1326 προσπεσόντας
973 1252 1113 1322 quonam
1130 1232 1195 1299 boc

162 1336 341 1424 praseram,
364 1350 402 1402 ut
423 1337 579 1426 Euripidi,
601 1352 635 1404 et
652 1338 721 1404 aliis
737 1337 895 1403 usitatius:
918 1333 1015 1402 veluti
1030 1333 1086 1401 hie
1099 1332 1192 1400 Med.

163 1451 248 1524 229:
277 1437 429 1505 -srtclov
450 1445 580 1528 πρᾶγμα
599 1441 760 1527 προσπεσὸν
777 1437 891 1503 rc'dr-.
926 1437 1021 1504 lites.
1044 1436 1140 1523 supra
1158 1457 1193 1522 p.

165 1554 238 1605 112.
253 1535 308 1605 Dr
331 1543 421 1629 napis
433 1541 604 1628 προσπεσόν.
642 1540 830 1608 Plutarchus
844 1540 938 1627 supra
950 1559 984 1627 p.
998 1539 1073 1633 116.
1087 1537 1144 1602 D:
1166 1540 1194 1600 lv

161 1641 217 1714 τοῖς
229 1641 452 1727 ωροπίπῖουσιν.
491 1642 697 1731 Hipparchus
710 1664 762 1728 ap.
777 1642 869 1707 Stob.
888 1662 922 1728 p.
934 1655 1019 1726 574:
1041 1643 1081 1702 rol
1092 1662 1193 1726 epar·

153 1744 287 1809 stam
299 1746 456 1834 ἀνθςωίνα
468 1746 592 1829 νομίζειν.
623 1743 777 1811 Eusebius
789 1741 908 1808 ibidem
928 1761 963 1828 p.
973 1738 1054 1806 6182
1068 1742 1194 1826 'Aruacos

157 1871 207 1911 τευ
224 1849 443 1934 προσπεσόντος,
464 1847 557 1913 ἔπειτα
573 1847 754 1936 χαλεπαίνω
765 1850 823 1922 τοῖς
834 1849 918 1924 θεοῖς,
930 1844 1023 1928 pist!
1042 1839 1131 1906 mli?
1150 1844 1192 1916 35¹

154 1945 270 2029 ζητέων.
305 1948 469 2037 Deinceps
490 1949 576 2014 idem
599 1949 728 2030 iterum,
753 1949 877 2037 Ἀαηῳῦ
900 1970 948 2010 πυ
970 1941 1192 2033 vmbros.

159 2049 283 2113 Juncus
297 2048 374 2113 ibid.
390 2072 423 2138 p.
434 2068 515 2137 594:
539 2049 628 2138 ὅπερ
642 2052 750 2136 ἀγαθὸς
764 2052 886 2128 eiham
899 2043 1192 2134 vesamum«.

159 2146 341 2213 Menander
361 2149 440 2214 ibid.
463 2172 496 2236 p.
510 2167 596 2235 570:
619 2156 666 2216 Tol
685 2149 885 2240 agnouerit-ru
901 2149 1063 2237 προσδοαᾷι
1080 2143 1194 2211 duma

156 2249 194 2311 δεῖ
209 2247 372 2336 Ἄνθρωπον
393 2250 510 2315 ὅπα-.
548 2252 736 2318 Plutarchus
752 2250 856 2316 Vitar.
879 2272 912 2337 p.
928 2271 981 2337 99.
995 2250 1041 2314 A.
1067 2266 1140 2316 120.
1156 2248 1193 2314 1².

158 2350 362 2415 Herodianus
377 2353 435 2418 lV.
454 2372 505 2435 14.
520 2375 552 2438 9.
574 2356 635 2419 Vl.
646 2374 679 2439 3.
696 2371 726 2439 7.
763 2351 957 2438 Simpliciter
969 2349 1068 2416 clrior
1081 2348 1146 2415 alia
1158 2349 1192 2416 in

157 2452 387 2538 competitione
401 2454 571 2540 Euripides
585 2455 751 2542 Antigone
764 2477 817 2543 ap.
834 2454 925 2519 Stob.
945 2473 978 2541 p.
993 2452 1071 2538 568.
1094 2453 1192 2518 Grot.

156 2574 191 2639 p.
205 2573 269 2640 449
283 2578 291 2617 ε
309 2551 394 2628 ‘'Os-15
407 2555 433 2617 di
447 2557 521 2641 πρὸς
533 2558 565 2619 ri
578 2555 674 2620 misrior
695 2556 815 2641 εὐλόγως
829 2558 899 2644 piger
912 2558 967 2620 Tit
982 2553 1101 2637 δαίμον’,
1115 2554 1192 2631 οὗτος

155 2654 240 2734 ἧσσόν
259 2659 298 2730 ir’
312 2655 487 2732 ἀνέλθιοςέ
518 2657 569 2745 qui
578 2657 740 2744 fortunam
750 2658 822 2744 sert
843 2657 1055 2722 accommodate
1073 2656 1119 2720 cd
1139 2680 1192 2722 ca·

144 2758 218 2842 sum
239 2759 473 2846 pascalem-r
502 2780 574 2845 quae
596 2758 680 2824 inter
702 2758 896 2824 Philemonis
919 2756 1067 2845 reliquias
1088 2758 1193 2825 edidit

155 2857 302 2924 Clericus
322 2882 357 2947 p.
373 2879 446 2925 212.

198 2983 233 3046 p.
252 2979 323 3043 117.
339 2962 383 3026 A.
405 2964 478 3036 Θεὸς
499 2961 527 3025 δέ
547 2988 591 3026 σοι
612 2966 686 3047 σῆμ’
702 2962 829 3050 otidis-]
853 2959 981 3050 Tragici
997 2961 1135 3042 difium,
1149 2984 1192 3028 ex

155 3058 305 3125 hocloco
321 3061 352 3125 in
375 3063 533 3147 Excerpta
548 3065 665 3128 Incert.
680 3064 859 3148 susceptum
881 3086 901 3128 a
922 3062 1037 3128 Grotio
1059 3085 1093 3149 p.
1111 3067 1190 3149 465.

154 3160 209 3227 fed
229 3162 321 3227 aliter
341 3161 542 3228 distindium:
566 3166 705 3247 -llipai
725 3189 769 3228 oct
791 3165 813 3227 d
827 3166 900 3228 οὐδὲν
917 3167 991 3245 διὸς,
1007 3166 1092 3228 Ἀλλ’
1107 3167 1191 3241 ἀὐτὸς

153 3268 290 3351 αὐτῷ-.
316 3263 423 3330 Nostri
436 3264 478 3328 ad
491 3287 593 3329 unum
607 3288 719 3330 omnes
732 3266 804 3330 libri
818 3264 984 3354 vrdgatum
997 3264 1166 3332 exhibent.

155 3382 162 3419 -“
199 3386 272 3453 117.
288 3368 332 3434 A.
354 3370 524 3446 διὰ-ψευδῆ
542 3368 621 3447 δόξαν
641 3367 743 3432 πάντα
762 3367 992 3452 καταμέμφονται
1006 3362 1186 3457 'ideslofi-J

153 3470 267 3535 Animi
282 3470 535 3557 perturbationes
550 3492 616 3535 non
632 3493 651 3535 a
666 3493 700 3534 re
716 3470 793 3555 ipsa,
808 3469 862 3536 sed
878 3470 919 3535 ab
934 3469 1066 3557 opinione
1084 3472 1192 3537 noilra

153 3571 319 3656 proficisci,
342 3570 533 3636 tralaticium
547 3570 636 3636 estin
652 3569 928 3658 philosophorum,
945 3569 1086 3636 maxime
1098 3570 1191 3637 Stoi·

125 3712 129 3718 ·
152 3694 277 3752 corum,
293 3672 571 3759 disputationibus,
590 3689 624 3740 et
645 3672 795 3740 Ciceroni
810 3673 843 3738 in
857 3672 1047 3739 Tusculanis
1060 3687 1191 3739 umam·

49 3774 63 3786 “
152 3796 216 3862 que
228 3776 378 3862 paginam
393 3776 489 3840 facit:
513 3776 589 3842 hinc
611 3791 645 3842 et
665 3776 797 3841 verbum
816 3775 1026 3864 σςοσδοξάζαν,
1044 3799 1190 3864 προσεπι-

151 3876 281 3959 infigar,
302 3876 342 3942 de
362 3877 479 3964 quibus
498 3891 536 3942 ut
557 3876 597 3943 de
619 3889 812 3966 argumento
832 3876 900 3962 ipso
918 3877 1069 3964 legantur
1083 3880 1190 3944 Gata-

73 4037 76 4042 .
151 3979 311 4044 herus-ad
333 3981 385 4044 M.
408 3979 565 4043 Antonin.
586 3981 681 4044 Vlll.
704 4000 759 4065 49.
784 3993 818 4044 et
840 3981 993 4065 Uptonus
1017 3979 1049 4043 in
1076 3979 1190 4046 Indice

149 4078 301 4164 spineti.
337 4077 392 4145 Ad
407 4079 594 4166 popularem
609 4079 681 4144 vitae
695 4078 875 4144 communis
889 4090 1022 4165 captum
1039 4079 1189 4145 eamdem

149 4180 402 4246 admonitionem
415 4181 669 4248 accommodavit
689 4180 857 4248 Philemon
877 4200 932 4268 ap.
946 4180 1040 4247 Stob.
1059 4203 1095 4269 p.
1108 4185 1186 4270 569.

150 4281 268 4348 Cleric.
283 4295 317 4370 p'.
330 4303 350 4370 3
353 4286 414 4369 56:
