2692 4770
161 262 223 323 636
302 260 342 322 D.
357 263 408 321 W.
428 260 637 323 ANIMADV.
658 262 706 322 IN
727 261 958 322 PLUTARCHI
977 259 1054 322 Lm.

156 423 381 491 eruditiffimus
394 425 575 492 Lareherus
587 426 791 515 quaestionem
805 425 846 490 de
862 425 1005 492 Timelioe
1024 434 1122 491 aetate
1140 434 1192 490 at·

156 527 299 615 tingens,
322 551 393 593 eam
416 529 513 594 refert
534 528 576 593 sd
597 528 798 616 Olympiadis
811 547 866 614 31·
885 546 1047 595 annuma.
1061 527 1193 593 auctore

25 702 29 707 ¹
155 628 292 693 Eusebio
317 630 440 695 Chron.
464 651 499 717 p.
522 646 594 717 157.
619 630 707 718 quod
728 630 755 695 is
775 630 915 696 'Abderae
939 629 1109 696 conditum
1135 629 1193 696 illo

154 752 241 795 anno
263 752 399 818 ponens,
424 731 464 797 de
486 733 654 818 posteriore
676 732 754 821 Cyri
774 747 922 817 tempore
946 732 1030 797 laeto
1055 731 1193 798 conditu

155 836 260 924 accipi
288 851 438 924 nequeat.
482 840 554 904 Neo
580 860 808 926 repugnamus,
836 838 913 903 licet
939 837 972 902 in
996 852 1193 925 argumento

153 938 287 1004 obscuro
315 940 409 1004 unius
435 940 562 1005 Eusebii
590 940 761 1007 auetoritas
791 963 856 1006 non
889 939 963 1005 latis
991 939 1190 1026 persuadeat.

155 1042 257 1106 Potest
279 1042 351 1106 saue
368 1043 543 1108 Oracnlum
562 1039 660 1108 etiam
682 1042 724 1107 de
745 1042 818 1122 ulia,
833 1064 929 1130 quam
950 1041 1088 1127 ipsarum
1112 1041 1191 1106 Cla·

154 1166 362 1211 aomenarum
378 1146 504 1211 colonia
514 1145 713 1226 deducenda,
727 1145 880 1232 intelligi:
900 1158 938 1210 ut
951 1144 1078 1231 accepit
1091 1145 1191 1211 etiam

155 1248 191 1313 P.
207 1248 337 1337 Baylius
357 1249 547 1315 Didtionarii
567 1249 649 1314 Hill.
671 1264 706 1314 et
724 1248 806 1313 Crit.
826 1271 902 1313 voce
917 1249 1067 1333 Timesr'us.
1103 1249 1192 1314 Nam

153 1349 240 1435 apud
263 1349 467 1415 Herodotum
489 1349 635 1416 scribitur
651 1350 796 1432 Τιμήσιος.
833 1352 876 1414 Et
890 1347 1055 1415 Maximus
1072 1349 1191 1437 Tyrius

153 1450 283 1521 Differt.
300 1453 393 1517 XIX.
407 1466 450 1536 5²
472 1452 711 1539 apamiense-us,
732 1452 865 1534 Τιμήσιος
884 1450 1082 1534 Κλαζομενίοις
1097 1452 1191 1517 taud-

152 1579 240 1619 οιοιτοι
261 1556 356 1632 lusor:
380 1553 435 1618 nili
457 1554 540 1621 forte
559 1553 801 1618 Hermotimum
817 1550 1061 1619 Clazomenium
1075 1552 1191 1635 voluit,

154 1654 195 1719 de
210 1654 302 1741 cujus
315 1654 464 1720 interiore
479 1669 601 1720 naturae
617 1655 802 1742 cognitione
824 1653 929 1719 multa
944 1654 1100 1720 mirabilia
1116 1678 1190 1721 nar·

153 1757 325 1821 rabuntur:
353 1769 410 1820 aut
429 1757 656 1843 Anaxagoram
676 1753 819 1842 ejusdem
842 1755 929 1819 urbis
942 1755 1042 1821 civem
1057 1754 1191 1822 eadem·

154 1879 218 1945 que
240 1856 371 1922 scientia
391 1856 526 1922 clarum.
559 1856 689 1922 Oraculi
711 1855 896 1922 versificator
916 1863 1008 1941 σμῆνα
1029 1857 1109 1922 lecit
1131 1879 1192 1946 pro

152 1961 270 2042 σμῆιιοι,
284 1958 367 2046 quai
379 1982 403 2035 ,a
417 1957 619 2041 spiraselset,
632 1959 736 2024 forma
748 1957 781 2022 in
796 1959 835 2024 iis
849 1959 905 2046 qui
918 1959 1084 2045 supersunt
1095 1962 1191 2026 Gne·

155 2061 201 2124 cis
224 2060 312 2124 libris
332 2082 397 2126 uon
416 2060 554 2148 prodita.
581 2063 619 2125 ln
640 2074 730 2126 tanta
744 2059 873 2147 jadlure
893 2059 1029 2125 historiar
1043 2060 1192 2128 colonia-

152 2183 225 2227 rum
248 2162 433 2226 Graecarum
455 2159 602 2226 dolemus
623 2160 656 2225 in
677 2160 789 2248 primia
808 2175 932 2248 partem
951 2181 1022 2226 eam
1036 2182 1109 2247 quse
1128 2164 1193 2230 suit

152 2261 195 2327 de
220 2260 338 2327 lonicis
362 2261 496 2327 coloniis
517 2260 678 2327 amidam:
711 2283 808 2348 quam
832 2282 933 2349 quum
955 2261 1076 2342 etalii,
1099 2264 1191 2330 etin

152 2361 266 2449 primis
283 2362 472 2428 Hellanicus
485 2372 520 2428 et
540 2362 703 2449 Ephorus,
717 2362 946 2448 explicuitlent,
961 2364 1129 2429 communi
1143 2365 1193 2431 illi

39 2514 41 2519 ,
152 2467 317 2531 literarum
332 2465 499 2553 naufragio
513 2465 662 2546 absumti,
676 2487 716 2530 ex
730 2487 832 2552 eoque
847 2466 936 2531 fonte
951 2466 1088 2532 rivulum
1098 2467 1192 2555 'dux-

151 2571 220 2638 iffet
239 2575 366 2661 Trogus
392 2571 563 2659 Pompeius
585 2566 783 2636 historiarum
803 2570 886 2636 libro
906 2571 1023 2658 primo,
1044 2572 1088 2636 est
1110 2593 1191 2660 pro·

116 2745 118 2748 ⁴
152 2675 238 2740 fecto
253 2675 342 2762 quod
363 2673 569 2762 indignemur
589 2672 671 2738 illud
691 2672 806 2759 ipsum,
821 2671 977 2759 quidquid
998 2672 1073 2753 fuit,
1096 2675 1192 2742 rivuli

152 2777 243 2841 nobis
264 2777 385 2862 periiffe
400 2775 599 2864 negligentia
619 2775 846 2863 Epitomatoris
860 2776 983 2842 Justini.

193 2879 247 2964 96.
262 2879 301 2941 B.
330 2879 388 2942 ἴσον
407 2877 615 2964 οἶγε-χίρις]
647 2875 783 2942 Fortaffe
805 2877 906 2942 subest
925 2875 1059 2964 alicujus
1080 2891 1190 2965 poetae

150 2979 318 3058 sententia,
329 2979 416 3066 quod
430 2978 527 3043 etiam
541 2976 734 3042 Meairiacus
748 2977 920 3065 suspicatus
930 2978 1069 3045 videtur:
1084 2980 1191 3046 -ῐσοιι

150 3084 172 3144 δ’
186 3081 249 3166 ἄγοι
265 3083 373 3176 ςὀιθμὸν
385 3085 514 3168 ’ratpot
529 3103 560 3142 τε
572 3078 745 3162 ’μνησικακία
759 3078 806 3157 rto)
819 3079 887 3161 φίλοι
899 3081 997 3168 χάρις.

193 3185 247 3272 96.
260 3185 300 3248 Β.
321 3183 439 3246 Φιλώοο
458 3179 504 3263 sol
526 3179 733 3268 Παρμενίωνος]
763 3181 906 3246 Breviter
927 3182 1036 3271 attigit
1058 3184 1188 3251 Plutar-

151 3285 232 3352 chus
253 3285 288 3349 in
304 3283 488 3349 Alexandro
509 3305 543 3370 p.
558 3278 731 3370 692.69'3:
755 3283 881 3348 brevius
896 3285 991 3350 etiam
1005 3285 1080 3350 alii:
1104 3288 1188 3353 ube·

149 3387 216 3451 rius
231 3384 369 3451 narrarit
383 3381 515 3449 Curtius
530 3385 590 3450 Vl.
604 3395 639 3449 et
649 3380 728 3450 Vll.

193 3491 245 3575 96.
262 3487 302 3552 C.
327 3486 427 3560 Λίουιος
442 3485 593 3572 Διονύσιος]
620 3487 731 3552 Minor
742 3487 914 3576 Dionysius
925 3488 1041 3556 Dionis
1056 3511 1190 3579 quoque

148 3588 270 3653 amicos
292 3586 375 3651 male
394 3584 550 3665 trattavit,
575 3587 752 3669 Platonem,
773 3589 992 3670 Heraclidem,
1006 3591 1186 3659 Aristoma·

149 3691 233 3755 chen
255 3710 400 3767 tuorem,
420 3687 533 3766 filiurn,
552 3701 590 3752 ut
611 3689 733 3754 constat
751 3710 793 3775 ex
813 3691 944 3778 Nepote
958 3706 993 3758 et
1011 3691 1187 3764 Plutarcho

148 3793 181 3857 in
197 3791 275 3857 Vita
288 3789 419 3854 Dionisr
443 3789 525 3855 forte
546 3789 645 3855 etiam
666 3802 794 3857 mortuo
810 3784 930 3874 Dione,
938 3794 1069 3881 ,potitus
1085 3796 1185 3886 Syra·

147 3895 227 3961 culis
242 3895 275 3958 in
289 3892 428 3979 reliquos
440 3890 511 3979 ejus
525 3891 644 3957 amicos
659 3892 925 3961 animadverterit.

190 4000 244 4085 96.
262 3995 302 4062 C.
324 3996 385 4069 τοὺς
398 3993 522 4059 limera
541 3993 649 4082 Νέρων]
676 3996 880 4082 significatur
898 4000 1066 4066 Rubellius
1087 4002 1185 4069 Plau-

148 4112 214 4178 tus,
236 4098 277 4163 de
297 4118 363 4186 quo
384 4096 533 4183 frequens
554 4097 597 4162 est
618 4097 740 4162 mentio
754 4096 840 4186 apud
862 4100 1010 4167 Tacitum
1032 4104 1067 4168 in
1088 4107 1185 4172 rebus

148 4199 302 4281 Neronis,
318 4197 505 4288 cujusjuffu
516 4197 703 4269 interfectus
724 4199 779 4282 est,
793 4200 913 4270 Annal.
928 4202 1022 4276 XIV.
1036 4222 1183 4298 57-59r
