2692 4770
162 300 223 360 m
354 299 394 358 D.
402 299 453 360 W.
474 298 683 362 ANIMADV.
697 298 753 358 -IN
772 294 1003 359 PLUTAROHI

160 482 226 550 que
245 460 460 529 animadversa
480 461 637 550 primariis
662 461 756 528 viris:
789 460 943 550 Berglero
970 458 1012 525 ad
1036 454 1200 545 'Aristoph

160 563 285 651 Lylistr.
303 583 377 649 243.
391 563 557 629 Gatakero
571 563 611 629 ad
627 565 677 628 M.
689 562 850 629 Antonin.
873 585 908 651 p.
924 580 997 646 171.
1026 558 1201 626 Welselin·

159 666 218 754 gio
229 665 269 730 ad
283 664 419 733 Diodor.
436 666 499 731 Sic.
514 667 555 731 T.
571 667 617 732 ll.
637 686 671 754 p.
685 684 763 753 423.
785 663 1000 732 Valckenario
1014 661 1056 728 ad
1071 660 1201 748 Euripi·

159 766 209 833 dia
231 766 368 855 Hippoi.
387 790 421 856 p.
439 786 522 850 2411
545 782 580 833 et
592 767 796 855 eopiolillirne
810 767 946 833 trattata
963 762 1202 831 Hemsterhusro

159 869 203 935 td
224 869 360 936 Luciani
380 873 419 936 T.
437 873 465 937 Ι.
489 890 522 956 p.
538 871 615 957 485.
638 885 673 936 et
693 872 758 958 seq.
781 891 921 958 quorum
942 866 1087 934 dottrina
1107 866 1203 933 nobie

160 986 331 1039 annotator
345 972 435 1039 locos
447 972 616 1059 occupavit
631 973 810 1060 plerosque,
826 988 934 1040 tamen
946 971 1100 1059 quosdam
1115 971 1201 1036 inta-

160 1074 231 1141 dtos
247 1074 386 1161 reliquit.
420 1073 583 1143 Plutarchi
598 1076 682 1157 lunt,
698 1077 846 1164 Sympos.
860 1099 893 1165 p.
907 1092 980 1161 713.
990 1075 1033 1139 B:
1056 1077 1088 1139 τὸ
1102 1074 1202 1152 οἰξὺνε·

157 1203 205 1244 ονν
226 1175 557 1264 λὺγον-ὑπιψιῖλλονσες
582 1176 628 1259 καὶ
648 1187 853 1255 οεασαολοὺντος
875 1178 904 1243 αὑ
928 1179 1061 1260 rihmar.
1101 1180 1200 1243 Praec.

159 1281 251 1369 Reip.
273 1282 351 1346 Ger.
374 1302 408 1368 p.
425 1281 499 1347 826.
514 1282 561 1346 Bt
592 1280 786 1363 εὑτιὺὑμενος
806 1283 840 1346 εὑ
857 1285 963 1346 οἰκεῖοι.
1002 1280 1143 1348 Camillo
1165 1301 1200 1366 p.

160 1402 234 1470 130.
246 1386 294 1449 Ε1
317 1379 344 1446 ri
354 1409 382 1446 σε
396 1382 502 1446 inimo
513 1379 605 1462 ὑίθορ
615 1391 670 1448 σοῖν
684 1383 755 1447 tuton
766 1381 886 1466 ὑμινον,
900 1387 994 1460 ὑνποῖς
1007 1387 1102 1458 κοινοῖς
1115 1388 1200 1447 νοσεῖ-

157 1511 214 1551 σιν.
258 1484 420 1552 Marcellu
440 1505 474 1570 p.
488 1504 566 1570 310.
581 1487 624 1550 F:
654 1485 757 1550 πάντα
776 1485 899 1568 θεμὺνοις
921 1494 1027 1560 καλῶς.
1062 1485 1200 1572 Thucy-

159 1588 244 1656 didis
260 1589 319 1654 lV.
338 1604 400 1672 171
423 1591 486 1671 ὑμῖν
505 1591 565 1676 γὰρ
581 1587 714 1676 οὑτοιχὺαν
730 1592 779 1668 τὴν
798 1595 940 1677 παροὺσαν
953 1588 1025 1666 ἔέεςι
1039 1596 1134 1663 καλῶς
1147 1587 1200 1651 θῖ-

157 1697 229 1773 ὃαρ.
266 1688 428 1776 Euripidis
444 1688 553 1778 lphig.
569 1689 649 1756 Aul.
663 1709 723 1773 401
743 1715 752 1755 t
776 1695 814 1756 Et
827 1691 854 1754 ii
867 1694 907 1774 μὴ
924 1689 1019 1770 βοὺλι
1035 1694 1137 1776 φρονεῖν
1157 1689 1200 1770 εὑ,

157 1795 226 1878 τᾶμ’
246 1791 305 1881 ‘tyri
323 1793 402 1872 θήσω
426 1800 531 1869 καλῶς.
575 1795 659 1876 6721
690 1792 803 1878 dipem
825 1791 854 1857 εὑ
875 1795 967 1857 τάκεῖ.
1011 1790 1142 1857 Scollon
1166 1791 1200 1859 ln

157 1897 303 1967 Brunclt.
324 1894 474 1962 Analedt.
493 1896 533 1962 Τ.
550 1896 578 1961 l.
597 1917 636 1983 p.
652 1910 736 1980 1341
756 1895 934 1982 -νγονὺμινα
950 1893 979 1958 εὑ
992 1893 1094 1972 hibor.
1129 1895 1199 1960 llo·

157 2000 254 2067 cratia
276 2001 335 2066 Or.
358 1997 443 2064 Λᾶν.
465 1997 638 2064 Lochitem
659 2019 693 2085 p.
708 1997 792 2080 6841
814 2001 854 2062 τὰ
872 1999 979 2086 σφεσερ’
992 1999 1086 2060 αὑτῶν
1105 1994 1134 2061 εὑ
1151 1995 1197 2059 σι’·

156 2107 259 2182 trun.
296 2100 468 2189 Diouyliua
496 2099 638 2166 Chalcus
661 2122 714 2187 ap.
741 2100 865 2166 Athen.
887 2101 963 2167 XV.
996 2120 1030 2186 p.
1052 2100 1128 2186 669.
1149 2099 1198 2166 E:

156 2204 319 2290 Συμπόσιον
332 2210 456 2289 κοσμοῖν,
472 2202 519 2282 καὶ
531 2207 563 2271 ri
578 2207 627 2270 σὺν
641 2204 670 2270 οὑ
682 2205 806 2290 θέμενος.

202 2325 276 2394 129.
290 2308 334 2374 Ι).
356 2307 466 2390 ὑμνῆσεο
479 2312 572 2373 ποδοῖν
584 2312 633 2388 τὴν
649 2308 835 2392 πολυτίμητον
853 2306 971 2393 ὑγίειαν]
996 2303 1120 2372 Videor
1133 2307 1198 2371 mi·

158 2409 195 2476 hi
209 2408 285 2476 alibi
298 2408 363 2475 hoe
378 2408 485 2497 legisse
497 2409 548 2476 vel
562 2409 595 2475 in
611 2423 718 2498 poeta,
730 2409 780 2474 vel
794 2409 827 2474 in
841 2409 904 2474 alio
912 2421 1019 2474 vetere
1033 2406 1198 2494 scriptore.

157 2512 270 2579 Subest
288 2510 386 2578 etiam
404 2510 438 2576 in
458 2512 580 2596 ὑμνῆσιι,
602 2511 773 2593 celebrabit,
795 2511 949 2598 ambigua
970 2507 1061 2575 notio
1083 2508 1199 2574 Ιονιιοιο-

156 2614 265 2681 tandi.-
287 2636 385 2702 quarn
401 2629 554 2682 notarunt
567 2615 781 2702 spanhemius
797 2616 837 2681 ad
851 2615 971 2682 Juliani
986 2615 1047 2680 Or.
1059 2614 1087 2677 Ι.
1103 2612 1198 2680 initio

156 2738 190 2803 p.
203 2739 234 2804 9.
248 2731 283 2783 et
297 2717 510 2784 Ruhnkeniua
524 2717 566 2784 ad
579 2717 665 2783 Tim.
683 2724 755 2786 262.

203 2838 275 2907 129.
290 2821 328 2883 Ε.
353 2822 553 2907 impunitas]
580 2820 728 2885 Eralinus
748 2843 812 2885 non
832 2819 916 2885 male
931 2818 1084 2901 reddidit,
1095 2823 1199 2909 serum

153 2920 327 2984 annotabit.
354 2922 406 2987 De
421 2921 527 2987 Genio
542 2924 631 2987 Socr.
648 2942 682 3008 p.
694 2923 770 3009 589.
783 2922 829 2988 C:
847 2921 1036 3004 ἐνσημαίνεεαρ
1047 2927 1104 2998 τοῖς
1116 2921 1199 2996 θείοις

156 3019 206 3103 καὶ
218 3025 351 3109 anagninis
367 3023 481 3111 ἀνδράσι
497 3026 543 3087 τὸν
560 3030 609 3087 τοὺ
631 3024 773 3102 νοήσαντος
794 3022 890 3108 λὺγον,
901 3023 1063 3112 fignificat
1083 3023 1198 3089 divinis

155 3134 185 3188 et
206 3123 335 3211 egregiis
355 3124 432 3188 viris
448 3124 630 3211 sententiam
658 3124 827 3212 cogitantis.
872 3123 1025 3191 Aristides
1049 3127 1089 3193 T.
1107 3127 1136 3190 l.
1161 3147 1195 3213 p.

155 3228 242 3313 3361
274 3225 486 3314 ὑνσημρνὺμενὺς
499 3225 530 3290 ri
544 3233 647 3313 πωςπῇ
663 3233 734 3313 φωνῇ
749 3224 796 3308 aui
808 3226 939 3291 διαλιποὺν
954 3227 1115 3308 ἐξεπίτηδες,
1139 3251 1196 3293 no·

157 3341 226 3394 tans
248 3328 456 3416 quodammodo
477 3353 558 3409 αοοε,
581 3340 609 3391 et
629 3329 666 3392 de
679 3326 825 3414 industria
839 3328 975 3393 obticere.
1013 3331 1136 3395 Seneca
1151 3335 1195 3393 E·

154 3430 225 3518 pist.
243 3431 347 3498 CXV.
369 3453 403 3518 p.
417 3445 493 3515 455.
510 3431 612 3496 dixit:
635 3442 670 3495 ut
683 3430 739 3494 illa
758 3455 828 3519 quae
838 3433 968 3519 senseris
983 3433 1080 3520 magis
1093 3430 1195 3520 appli-

152 3552 200 3595 ces
213 3531 269 3595 tibi
283 3543 311 3594 ct
323 3531 419 3596 veluti
428 3532 546 3620 stgncs.

201 3650 275 3719 129.
298 3636 337 3699 Ε.
373 3634 479 3698 οτὺσεσι
507 3631 554 3715 καὶ
579 3636 766 3721 προσφοραῖς]
807 3634 1001 3700 Maziriacus
1030 3634 1196 3700 annotavit

151 3735 312 3826 προπόσεσι
336 3735 382 3812 aa)
403 3742 624 3825 συμπεριφοραῖς·
653 3751 688 3802 et
712 3737 784 3801 sane
812 3736 1001 3803 Plutarchus
1023 3737 1094 3802 haec
1116 3760 1194 3826 pro-

154 3839 240 3907 xime
261 3838 326 3927 ipse
350 3839 550 3927 interpretari
573 3839 697 3905 videtur
718 3837 821 3903 οἴνωσιν
843 3839 889 3921 καὶ
907 3842 1129 3930 συμπεριφοράν1
1161 3854 1195 3906 at

153 3943 299 4009 videtur:
323 3949 410 4006 nam'
423 3942 613 4008 vocabulum
632 3946 799 4029 προσφοραῖς
818 3940 1048 4029 interpretatur
1066 3946 1192 4032 τροφαῖς.

154 4044 450 4135 Frequentiffimum
467 4045 509 4109 est
523 4041 715 4132 προσφίροθαὺ
732 4070 772 4124 τι,
791 4044 896 4108 edere:
918 4057 952 4109 at
972 4045 1072 4110 rarius
1092 4069 1192 4133 προσ·

152 4153 234 4233 φορὰ,
256 4148 346 4236 Eſses,
368 4168 428 4211 nec
451 4145 483 4210 in
508 4145 669 4211 Plutarchi
693 4145 816 4231 scriptis
838 4145 913 4211 alibi
928 4146 1036 4234 legere
1050 4169 1103 4211 me
1119 4170 1191 4212 me·

149 4249 252 4317 mini:
276 4250 381 4317 adfert
394 4261 505 4315 tamen
519 4246 648 4314 aliunde
662 4247 810 4336 exempla
832 4248 877 4313 Η.
893 4249 1077 4337 Stephanus
1094 4249 1190 4317 Thes.
