2692 4770
266 319 419 383 sarran
433 322 611 386 sartum.
625 324 793 386 convrv.
807 322 953 402 arrosa.
1061 331 1119 399 ου

98 478 310 568 scriptoribus
332 487 509 573 promiscue
530 489 731 575 usurpantur.
772 487 913 554 Omnino
934 485 1030 574 γρίφου
1053 498 1119 551 non
1218 531 1221 537 .

95 580 174 644 item
188 583 327 666 honesta,
342 602 381 653 ut
395 589 581 667 Clearchus,
596 588 823 676 fignificatione
836 587 917 652 dicit
932 585 1119 650 Plutarchus

94 681 305 752 indoctiorum
325 689 431 754 studiis
447 713 521 755 eum
536 691 737 777 relinquens:
761 716 790 755 v.
806 713 835 755 c.
868 691 1014 777 Sympos.
1024 691 1067 754 V.
1083 710 1117 776 p.

93 784 168 869 673.
184 788 216 851 A
232 813 239 851 t
263 797 287 851 ol
300 793 420 878 φορτικοὶ
435 791 481 871 κα)
494 793 656 877 ἀφιλόλογοι
669 798 743 876 μετὰ
756 796 788 857 τὸ
808 796 908 856 δεῖπνον
925 792 1116 879 αἰνίγματανξ

91 888 193 974 γρίφους
207 891 228 977 οὲ
242 890 331 967 θέσεις
347 894 483 975 ὄνομίισων
504 898 531 958 ἐν
551 899 676 980 ἀριθμοῖς
696 896 718 981 οὲ
740 894 869 977 σῦμὸολοι
887 892 1115 982 ωροὸἇλλονσεςο
1171 909 1179 925 “

91 990 209 1076 etjam
232 973 320 1059 Plato
342 995 405 1059 hoc
427 996 586 1061 ludicrum
602 1018 620 1062 a
637 1020 781 1063 verorum
799 997 1027 1064 consuetudine
1040 997 1116 1085 phi-

89 1088 296 1177 losophorum
311 1097 498 1182 repudiavit.
517 1100 601 1183 Repe
613 1100 655 1162 V.
677 1121 710 1185 p.
725 1101 802 1181 468.
815 1101 861 1163 E:
890 1120 986 1186 quem
1007 1099 1116 1163 locum

89 1195 268 1263 Athenaeus
291 1199 314 1264 I.
330 1200 352 1265 I.
375 1220 450 1286 452.
467 1202 515 1267 C:
548 1204 596 1266 καί
619 1204 744 1268 Πλάτων
758 1208 783 1266 ἐν
796 1204 903 1289 σε’μσίῳ
920 1201 1006 1286 νόμον
1031 1202 1117 1290 (lege

87 1297 230 1377 σολοίείας)
252 1301 416 1383 μνημονεύει,
438 1304 499 1378 τοὺς
517 1311 571 1366 τῶν
591 1305 752 1392 τεχνυδρίων
766 1304 914 1386 φιλοσόφους
932 1308 989 1378 τοῖς
1007 1307 1034 1366 ἓν
1053 1306 1116 1379 ταῖς

88 1399 237 1479 humecta,
258 1403 316 1485 ἔφη,
338 1406 581 1489 ἐπαμφοτερίζουσιν
599 1404 721 1485 ἑοικέναν,
741 1405 787 1485 καὶ
804 1412 844 1491 τῷ
861 1415 915 1470 τῶν
927 1406 1029 1470 παίδων
1042 1405 1114 1470 atat-

88 1524 181 1585 γμοιτο
191 1510 230 1589 τῷ
243 1507 304 1591 arpi
317 1512 353 1568 σέ
368 1507 484 1593 εὐνούχου
498 1513 545 1584 τῆς
559 1511 642 1584 βολῆς
660 1509 727 1595 περὶ
741 1513 788 1584 τῆς
803 1507 959 1591 νυκτερίδος,
974 1505 996 1593 ᾦ
1009 1505 1054 1584 κο)
1067 1509 1113 1591 ἀφ’

88 1600 117 1663 u
140 1605 220 1668 αὐτὸν
239 1609 321 1686 αὐτὴν
339 1606 491 1685 αἰνίτίονταν
508 1611 616 1687 βαλεῖν.
653 1606 760 1693 Hujus
782 1607 960 1693 anigmatis
981 1606 1114 1673 solutio·

88 1720 162 1767 nem
178 1707 276 1772 modo
297 1724 389 1773 antea
407 1733 446 1774 ex
464 1711 576 1776 eodem
594 1710 750 1776 Cleamho
764 1709 909 1798 exposuit
922 1710 1113 1789 Athenaeus,

87 1806 174 1871 unde
187 1808 241 1872 sua
255 1809 359 1877 sumfit
373 1811 559 1876 scholiastes
576 1810 714 1875 Platonis
730 1824 762 1897 p.‘
780 1814 851 1895 167.
884 1810 975 1875 Plato
987 1813 1049 1884 τοὺς
1061 1820 1115 1874 τῶν

85 1907 248 1994 τεχνυδρίων
260 1912 482 1991 μνημονικοὺς,
503 1923 537 1973 et
553 1911 614 1984 τοὺς
634 1911 776 1987 ἀληθινοὺς
788 1909 937 1987 φιλοσόφους
947 1907 1115 1994 distinguit

85 2003 109 2067 1.
127 2004 148 2067 l.
172 2028 205 2091 p.
221 2010 296 2091 467.
311 2010 356 2073 A.
392 2010 535 2074 Verbum
560 2010 778 2097 ἐπαμφοτερίζειν
803 2010 835 2073 in
858 2008 980 2074 Glossas
1002 2008 1114 2074 retulit

84 2104 237 2186 Timaeus,
253 2107 359 2195 ibique
374 2110 517 2196 exposuit
531 2111 753 2177 Ruhnkeniua.

127 2206 223 2271 Dicta
244 2221 278 2273 et
298 2211 393 2274 effata
413 2211 543 2296 Septem
564 2211 764 2297 Sapientum,
783 2232 847 2275 non
862 2209 1112 2296 illaprohlema·

85 2318 156 2369 tum
172 2307 275 2373 forma
292 2322 325 2375 et
339 2309 556 2396 superlationis
574 2311 688 2398 gradu,
707 2310 760 2376 sed
774 2311 962 2375 'brevissimis
982 2311 1114 2376 monitio

84 2408 240 2489 absoluta,
263 2433 336 2477 cum
352 2413 508 2498 figillatim
528 2437 547 2477 a
562 2413 734 2478 Veteribus
747 2424 966 2477 memorantur
977 2425 1011 2477 et
1024 2412 1111 2497 spar-

84 2510 152 2589 sim,
165 2525 235 2575 tum
249 2513 384 2578 collePta
396 2515 515 2578 exstant
529 2515 560 2577 in
576 2514 734 2600 Diogenis
754 2513 873 2578 Laertii
894 2512 976 2576 libro
994 2513 1110 2598 primo,

83 2611 213 2675 Stobaeo
235 2614 299 2678 lit.
316 2615 377 2677 Ill.
400 2635 439 2676 ex
459 2613 626 2677 Demetrio
648 2606 799 2677 Phalereo
818 2625 852 2676 et
866 2611 1001 2691 Sofiade,
1018 2611 1111 2676 deni-

82 2733 148 2798 que
161 2703 193 2775 in
209 2713 341 2777 Ausonii
363 2713 456 2778 Ludo
472 2715 549 2778 VII.
566 2713 764 2799 Sapientum.
803 2713 936 2778 Patriam
957 2711 1110 2798 cujusque

84 2812 208 2878 notavit
223 2814 394 2900 Antipater
415 2814 447 2878 in
470 2806 672 2901 Anthologia
685 2814 962 2901 Epigrammatum
977 2814 1039 2900 III.
1054 2832 1108 2899 33.

85 2914 137 2977 16.
235 2928 244 2950 ··
656 2955 658 2959 -
688 2936 691 2941 ·
1018 2962 1022 2971 .

122 3015 246 3080 ‘nrm
269 3017 417 3086 ΣΟΦΩΝ
438 3018 720 3105 marmilon]
746 3019 829 3083 Hac
842 3014 1004 3104 inscriptio
1018 3018 1108 3083 estin

81 3118 231 3183 omnibus
252 3119 361 3184 nostris
382 3120 470 3185 libris
482 3134 523 3185 ‘et
541 3120 691 3185 editis-et
712 3120 847 3207 scriptis,
865 3120 983 3206 quibus'
1003 3122 1109 3206 postea

79 3221 273 3286 accesserunt
300 3222 364 3286 duo
393 3222 567 3287 Harleiani.
610 3213 718 3286 Exstat
743 3221 815 3307 ejus
839 3221 902 3285 hoc
929 3244 1045 3286 nomen
1073 3222 1107 3286 in

80 3323 241 3409 Lampriae
257 3325 415 3412 Catalogo
429 3329 531 3391 Num.
548 3314 672 3391 CVIII.
688 3338 722 3389 et
734 3326 869 3389 Thomu
884 3322 1026 3411 Magistri
1041 3318 1107 3388 Ecss

80 3424 164 3510 logis
186 3426 267 3491 Voc.
287 3427 389 3491 Attic.
411 3427 522 3505 Ζῶνοον,
544 3426 732 3511 Πλούταρχος
754 3427 781 3487 iv
801 3423 946 3509 συμποσίῳ
970 3432 1029 3488 τῶν
1044 3429 1108 3490 salai

78 3533 180 3606 σοφῶν,
202 3528 259 3592 ubi
283 3528 424 3592 citantur
444 3529 538 3592 verba
559 3550 598 3592 ex
619 3548 652 3613 p.
671 3544 743 3612 154.
758 3527 797 3590 B.
841 3525 920 3589 Sine
946 3524 1108 3591 Plutarchi

79 3628 210 3694 nomine
231 3628 319 3694 locos
342 3629 418 3693 hinc
437 3629 533 3694 refert
555 3630 701 3692 Stobaeus
720 3627 785 3692 Tit.
800 3627 889 3690 XLI.
905 3646 939 3711 p.
956 3628 1029 3693 268.
1051 3637 1106 3692 τῶν

78 3731 140 3791 tata
154 3739 242 3811 σοφῶν
257 3732 317 3817 περί
331 3729 477 3805 athildus:
503 3729 580 3795 Item
596 3728 715 3794 XEVI.
738 3750 770 3815 p.
785 3729 860 3813 328.
880 3726 993 3812 Septem
1012 3727 1103 3817 Sapi-

76 3843 174 3893 τοίνυν
194 3857 230 3895 ex
251 3833 392 3918 Symprfia
408 3832 581 3896 Plutarcbt'r
607 3831 661 3895 sed
682 3831 763 3914 haec·
776 3830 848 3892 sunt
864 3828 1000 3892 Gesner-i
1021 3827 1104 3894 lem·

74 3944 175 4008 mata,
189 3955 325 4017 quorum
340 3933 427 4018 priua
443 3932 555 3998 diserte
569 3931 678 3995 addito
695 3929 854 3994 Plutarchi
869 3929 998 3995 nominc
1010 3930 1104 3994 tati·

75 4053 116 4095 ne
136 4032 285 4112 reddidit,
309 4035 421 4122 Septem
442 4034 613 4120 Sapiaatmn
634 4032 880 4120 apophthegmata
897 4030 935 4092 da
954 4029 1105 4116 republica

72 4157 111 4197 ex
133 4135 268 4199 cormivr'a
291 4135 473 4198 Plutarchi:
503 4135 537 4198 ln
562 4132 749 4198 Princavelli
770 4130 909 4196 editione
932 4132 976 4195 est
1000 4131 1104 4217 priore
