2692 4770
236 322 315 382 1016
377 323 416 383 11.
426 323 478 386 W.
498 322 704 447 ANIMAPV.
725 326 774 385 IN
793 324 1023 385 PLUTARCHI
1042 323 1116 385 LIB.

233 482 324 549 Jenae
337 482 436 565 edito,
456 484 497 551 de
509 487 595 566 Atos,
611 488 711 568 Dices,
730 501 763 553 et
778 486 937 574 Nemeseos,
959 486 1144 552 numinibus
1164 485 1260 550 diue·

235 603 319 662 rens,
334 606 366 671 p.
378 587 427 650 16.
444 609 496 651 me
510 586 572 653 hoc
586 589 618 652 in
634 588 706 653 loco
720 589 830 654 errasse
845 588 1046 674 pronunciat.
1078 586 1181 673 Cujus
1195 585 1261 651 dis-

234 685 435 769 putationem
447 687 513 753 fuse
527 688 715 776 copioseque
727 689 906 776 explicitam
923 713 962 754 ne
977 688 1161 775 ipsa-verbis
1174 687 1262 752 refe-

234 804 352 865 ramus,
375 787 437 851 suis
458 790 655 877 argumentis
675 789 810 855 breviter
832 792 950 855 notasse
971 789 1043 854 satia
1063 790 1117 854 est.
1154 788 1264 874 Igitur

232 886 279 951 vir
305 888 526 955 eruditissimus
549 892 737 978 postremam
762 890 858 979 hujua
882 891 944 956 loci
968 904 1092 976 partem
1120 889 1164 955 ita
1190 889 1263 954 vult

232 988 361 1076 corrigi,
384 994 416 1054 δι’
430 997 518 1057 αὐτῶν
533 996 580 1056 τὸν
601 994 689 1073 κότον,
710 1009 764 1081 per
781 993 857 1056 ham
878 993 1007 1072 deorum,
1023 991 1077 1056 ubi
1092 1010 1151 1056 noa
1164 990 1262 1056 dedi·

232 1112 305 1156 mus
326 1084 362 1155 bs
377 1096 458 1159 αὑτὸν
476 1093 568 1173 οἴεται·
592 1096 686 1173 nam,
700 1095 815 1181 inquit,
838 1097 869 1157 δι’
883 1097 964 1158 αὑτὸν
985 1092 1178 1158 contrarium
1198 1091 1263 1157 else

229 1192 395 1283 sententia
423 1194 518 1283 hujus
544 1195 620 1277 loci,
648 1217 747 1282 quum
776 1195 1001 1291 superstitiosus
1028 1194 1128 1258 seruet
1154 1193 1259 1279 ipsum

230 1314 404 1380 numquam
426 1293 558 1375 incuset,
571 1310 604 1361 et
617 1308 654 1360 ut
669 1296 732 1383 ipse
750 1296 855 1361 scribit
875 1294 1074 1373 Plutarchus,
1088 1291 1147 1357 οὗθ’
1161 1296 1261 1358 ἑαυτὸν
1298 1298 1301 1303 ’

228 1395 308 1457 ἀλλὰ
320 1396 427 1459 πάντων
445 1397 491 1459 τὸν
509 1399 571 1460 hdr
587 1402 720 1476 astruitur,
736 1418 928 1482 omnemque
942 1395 1106 1460 infortunii
1122 1392 1168 1459 sui
1184 1394 1259 1459 cul-

228 1514 303 1580 pam
325 1495 357 1559 in
380 1495 457 1560 deos
478 1496 637 1583 conjiciata
669 1496 808 1576 Deinde,
824 1496 942 1578 aaa«,
954 1503 1041 1582 ῥεῦμα
1055 1495 1202 1576 δαιμόνιον,
1216 1516 1260 1560 ex

227 1595 373 1683 AEschyli
387 1596 523 1683 quadam
538 1596 692 1683 tragoedia
705 1596 885 1661 desumtum
900 1595 1018 1661 censet.
1043 1595 1170 1661 Vellem
1183 1618 1260 1661 vera

227 1694 304 1761 esset
317 1696 397 1762 ratio
411 1695 526 1791 oppimi
538 1697 614 1776 virl;
636 1697 682 1761 ita
697 1697 808 1762 lubens
822 1720 893 1762 eam
908 1698 1111 1784 agnoscerem
1128 1717 1166 1761 ac
1181 1696 1256 1763 lau·

227 1796 348 1862 darem.
377 1799 475 1863 Nunc
488 1820 558 1863 eam
575 1801 741 1865 confutare
756 1822 877 1888 cogor;
900 1800 987 1887 quod
1000 1800 1124 1886 semper
1136 1799 1260 1866 invitus

225 1897 321 1978 sacio,
337 1921 410 1975 cum
426 1922 503 1987 erga
516 1900 595 1966 alios
608 1924 732 1981 omnes,
748 1914 818 1966 tum
832 1901 865 1966 in
880 1901 991 1988 primis
1012 1923 1088 1988 erga
1104 1901 1256 1968 hominen

225 1999 290 2064 mei
302 2014 457 2065 amantea.
494 2004 536 2066 Et
552 2003 690 2089 primurn
706 2003 834 2088 quidem
857 2024 917 2067 nec
934 2023 1050 2066 nomen
1067 2002 1145 2078 κότος
1159 2003 1255 2068 Plut-

223 2098 321 2165 archo
335 2100 539 2187 usurpatum:
562 2103 794 2188 etcompositio
810 2100 985 2189 postulabat
999 2104 1043 2165 διὰ
1057 2099 1135 2165 κότον
1149 2106 1254 2184 αὐτοῖν,

223 2199 270 2264 rel
287 2202 319 2263 δι’
333 2205 422 2265 mlada
435 2205 480 2265 τὸν
494 2201 592 2280 esrom
615 2225 679 2268 non
694 2205 715 2266 δ’
731 2207 819 2267 αὐτῶν
833 2203 922 2281 abror,
938 2201 1024 2289 quod
1038 2225 1102 2267 uon
1119 2202 1172 2267 nifi
1189 2224 1252 2290 po·

223 2300 283 2367 etia
305 2301 392 2366 licet.
429 2301 554 2367 Deinde
577 2303 795 2392 distinguenda
821 2305 925 2370 caussa
946 2305 1084 2369 efficiens
1106 2328 1126 2370 a
1147 2306 1253 2372 caussa

222 2416 389 2468 movente:
414 2391 638 2492 superstitiosus
659 2405 715 2470 οὗθ’
730 2409 824 2471 ἑαυτὸν
838 2411 973 2485 αἰτιᾶται,
987 2430 1045 2470 non
1055 2407 1185 2495 scipsttm
1199 2407 1249 2470 in·

221 2506 312 2590 nasot,
328 2503 359 2568 id
375 2504 429 2585 est,
445 2530 504 2568 non
518 2506 549 2569 in
560 2507 598 2592 se
619 2508 711 2594 ipsum
726 2505 835 2591 corfirt
850 2508 978 2592 confflem
993 2505 1173 2592 ffcr'entem,
1197 2507 1251 2573 sed

221 2604 253 2669 iu
277 2608 383 2670 Deua:
410 2606 501 2685 dicit,
525 2602 554 2671 se
573 2631 592 2671 a
611 2607 671 2672 diis
695 2607 810 2693 puniri,
833 2607 929 2693 idque
951 2607 1078 2686 merito,
1095 2607 1170 2692 quia
1184 2607 1250 2694 ipse

220 2705 257 2770 fit
278 2706 339 2771 diis
356 2707 479 2785 exosus,
500 2712 639 2789 θεομισὴς,
665 2708 764 2795 igitur
787 2707 892 2795 puniri
915 2709 945 2769 δι’
968 2710 1060 2785 αὑτὸν,
1081 2719 1201 2795 propter
1209 2711 1249 2797 se

220 2806 334 2892 ipfirm:
356 2806 521 2893 diligentia
543 2830 579 2872 ac
603 2809 777 2893 proprietas
798 2808 949 2871 orationis
971 2807 1042 2870 haec
1060 2806 1245 2895 distinguit:

219 2909 272 2975 ὑπό
290 2934 370 2985 τινος,
392 2909 431 2971 ab
454 2910 565 2996 aliquo,
588 2912 630 2975 est
654 2910 764 2974 caussae
782 2909 965 2974 efficientis:
990 2909 1019 2972 ἔκ
1039 2935 1120 2987 τινος,
1140 2912 1249 2997 caraffae

217 3008 403 3095 materialisr
425 3009 469 3072 διά
492 3035 572 3089 τινος,
596 3012 703 3098 carrffia
720 3025 776 3098 per
798 3010 882 3097 quid,
902 3010 998 3096 vulgo
1021 3009 1115 3074 dieite
1135 3011 1245 3098 nstru-

217 3108 372 3173 mcntalis:
394 3110 438 3172 aa
453 3135 492 3188 τι,
511 3122 629 3196 propter
643 3111 727 3198 quid,
744 3109 853 3174 caullae
868 3116 989 3188 τελικῆς,
1000 3109 1126 3195 finalis,
1151 3134 1245 3176 men·

218 3226 282 3275 tem
299 3211 339 3274 ad
359 3210 520 3297 agendum
535 3212 702 3276 moventis.
737 3210 787 3274 Fit
803 3223 909 3274 tamen
925 3210 1068 3289 subinde,
1085 3226 1120 3275 ut
1136 3212 1244 3298 cujus-

217 3334 280 3398 que
300 3311 445 3375 formulae
467 3311 601 3397 principi
620 3335 657 3377 ac
676 3310 827 3399 peculiari
841 3311 1072 3396 fignificationi,
1087 3313 1176 3377 fimul
1193 3336 1244 3379 re-

186 3442 190 3446 ·
214 3411 371 3498 liquarum
395 3410 579 3496 significatio
600 3411 807 3475 formularum
830 3410 983 3474 addatur:
1010 3412 1096 3497 quod
1118 3415 1243 3477 notari-

214 3534 286 3576 mus
305 3512 336 3575 in
356 3511 417 3575 hoc
437 3511 503 3597 ipso
526 3511 570 3573 aa
587 3537 613 3574 τι
638 3534 670 3598 p.
687 3528 740 3597 97.
762 3512 802 3576 C.
840 3511 943 3597 igitur
957 3511 988 3575 in
1004 3511 1066 3576 hoc
1083 3512 1243 3579 Plutarchi

213 3612 286 3677 loco
301 3615 331 3674 δι’
344 3613 435 3686 adria,
452 3612 493 3675 est
504 3623 625 3698 propser
635 3615 673 3696 se
686 3613 788 3698 ipsum,
804 3612 878 3698 quia
892 3612 928 3675 fit
942 3617 1082 3694 θεομισὴς,
1098 3614 1157 3677 diis
1171 3640 1241 3680 exo·

202 3716 260 3800 sus
272 3739 282 3792 3
306 3736 379 3777 narn
395 3712 472 3777 dicit
487 3712 517 3776 se
539 3728 670 3798 propter
691 3702 821 3799 peccata
840 3713 987 3798 quaedam
1009 3740 1027 3776 a
1048 3716 1105 3778 diis
1125 3718 1241 3802 puniri,

210 3816 261 3879 ὑπὸ
281 3823 334 3878 τῶν
355 3820 423 3877 θεῶν
445 3814 615 3895 κολάξιὸω,
638 3816 669 3876 δι’
685 3817 777 3890 αὐτὸν,
797 3829 915 3902 propter
923 3816 961 3900 fi
976 3816 1066 3901 ipsum
1081 3820 1152 3903 quia
1167 3834 1240 3906 pec·

209 3917 316 4002 co'ffat:
338 3915 383 3978 ita
397 3917 440 3977 διὰ
455 3936 531 3977 cum
548 3915 737 3981 Accusativo
752 3915 904 4001 fignificat
914 3918 977 4003 sua
992 3916 1090 4004 calpa,
1102 3922 1161 4004 suo
1176 3944 1239 3984 me-

208 4015 278 4095 rito,
293 4015 378 4102 apud
392 4015 598 4080 Plutarchum
618 4016 702 4103 Opp.
718 4018 805 4079 Mor.
827 4037 858 4100 p.
873 4019 924 4100 69.
941 4018 984 4080 D.
1011 4037 1081 4098 114.
1099 4019 1138 4082 C.
1165 4024 1240 4086 160.

210 4118 250 4183 C.
276 4120 348 4200 178.
365 4120 402 4181 E.
429 4133 500 4201 179.
513 4118 556 4181 A.
593 4116 771 4181 Menander
784 4137 836 4202 ap.
853 4117 944 4181 Stob.
964 4139 996 4203 p.
1007 4136 1082 4202 527.
1099 4118 1240 4185 insimili

208 4232 410 4307 argumento,
426 4218 545 4284 docens
560 4218 704 4282 homines
723 4219 777 4282 sua
796 4218 891 4303 culpa
909 4219 1037 4285 miseros
1054 4219 1126 4299 esse,
1142 4223 1239 4289 bruta
