2692 4770
219 308 280 374 ⁸7⁴
410 307 448 365 D.
465 307 514 366 W.
535 306 745 366 ANIMADV.
765 302 812 366 IN
834 302 1060 366 PLUTAucffl

220 464 324 552 Igitur
344 462 513 554 aliquando
528 468 700 554 suspicatus
719 469 800 549 sum,
822 470 910 534 hunc
927 467 1167 554 πάτριονθιτμὸν,
1183 482 1256 529 non

220 568 263 633 ad
282 569 410 655 publica
426 573 512 636 sacra
535 572 726 659 pertinuiffc,
749 573 802 638 sed
823 571 864 637 ad
886 571 1008 658 privata
1027 582 1061 634 et
1080 566 1251 656 gentilitia,

219 672 385 754 τογγιιιιιά·
409 672 507 737 veluti
522 675 689 753 Romulus,
705 675 781 740 teste
794 674 947 761 Dionyfio
959 667 1193 736 Halicarnnffco
1205 667 1250 731 A.

220 772 259 837 R·-
277 774 321 836 ΙΙ.
337 787 510 862 3ο.’ταρίαο
524 776 659 863 virgines
675 776 805 841 Sabinas
828 773 978 842 Romania
1000 772 1073 838 virle
1093 772 1253 859 τανῆςμιτίε

219 878 296 937 κατὰ
308 877 370 948 τοὺς
383 875 508 962 πατρίοις
523 876 622 954 inim
637 877 778 960 ἐθισμοὺς,
796 877 895 965 patrio
911 874 1133 962 uniuscujusque
1151 894 1253 935 more.-

218 973 275 1039 ubi
296 977 395 1054 ἑκάςης
416 977 581 1064 fignificat,
603 977 740 1044 diversos
760 1000 813 1043 eae
836 977 974 1043 habuiiio
995 975 1120 1064 patrios,
1141 971 1251 1050 idest,

214 1075 390 1163 gentilitias,
405 1102 507 1143 mores.
534 1079 697 1146 Maximus
711 1079 826 1168 Tyrius
839 1079 917 1145 Diff.
933 1079 1028 1142 XXV
1030 1079 1057 1140 1.
1072 1095 1106 1161 3.
1120 1096 1155 1160 p.
1165 1092 1229 1159 313
1241 1097 1252 1134 ε

219 1175 294 1253 οὗτος
314 1183 383 1243 θεῶν
403 1180 552 1267 γαμηλίαν
572 1203 603 1244 το
626 1180 673 1261 καὶ
695 1180 828 1266 ὁμογνίων
854 1179 901 1260 καὶ
923 1176 1070 1264 γενεθλίων
1091 1174 1250 1257 δῆρίς-ὀ

217 1276 334 1344 horum
356 1288 442 1346 certe
465 1282 598 1367 ὁμίγιιιι,
617 1281 774 1370 gentilitii,
797 1282 870 1346 sunt
890 1302 963 1366 pars
984 1278 1113 1365 privatae
1131 1298 1169 1340 ac
1189 1274 1250 1340 do·

219 1380 353 1445 mesticae
376 1381 551 1470 religionis.
588 1386 632 1448 Et
653 1385 766 1466 ἐθισμὸς
785 1404 902 1470 genere
920 1394 953 1446 ct
968 1378 1090 1466 origine
1109 1375 1250 1464 conjun-

219 1478 292 1545 iius
306 1481 349 1546 est
361 1488 475 1568 θεσμῷε
499 1485 571 1549 sunt
584 1484 671 1549 enim
688 1483 744 1548 θέα
759 1497 792 1549 et
807 1483 861 1546 ἔθα
882 1503 947 1547 non
966 1480 1020 1544 nist
1040 1479 1153 1544 formae
1167 1476 1252 1565 ejul-
1317 1546 1320 1555 ,

219 1575 295 1653 dem
308 1582 428 1648 Verbi:
451 1587 555 1668 θεσμὸς
570 1584 733 1672 antiquius
746 1607 842 1673 quam
863 1582 940 1666 νόμος
955 1579 1164 1647 vocabulum:
1188 1579 1253 1646 hoc

116 1696 123 1707 ·
219 1703 260 1746 an
283 1683 418 1750 Homeri
440 1699 534 1751 etate
556 1687 743 1772 usurpatum
764 1684 861 1751 fuerit
880 1683 1067 1762 dubitatur3
1089 1695 1128 1745 ut
1141 1691 1253 1745 monet

220 1781 307 1848 haud
325 1783 473 1852 indoiiua
495 1785 627 1874 scriptor
648 1786 734 1867 libri,
761 1786 822 1875 qui·
838 1785 915 1851 falso
936 1782 1097 1850 Plutarchi
1121 1779 1253 1847 nomine

218 1884 321 1952 fertur
340 1889 392 1952 De
412 1888 490 1953 Vite
512 1887 647 1953 Homeri
671 1891 789 1974 §.175.
811 1910 845 1974 p.
860 1904 936 1974 379.
957 1885 1034 1951 edit.
1050 1883 1154 1963 Galei,
1168 1896 1250 1970 etp.

220 2004 294 2072 239.
317 1986 395 2052 edit.
412 1988 549 2055 Emesti:
576 2003 610 2054 at
630 1991 734 2072 θεσμὸς
753 1990 797 2055 est
818 1988 926 2076 Odyls.
940 1993 979 2052 Ψ.
995 1988 1069 2073 296.
1092 1983 1192 2071 idque
1211 1983 1252 2048 de

218 2089 362 2176 conjugio,
390 2090 540 2154 Ἀττίιτιοι
565 2090 689 2178 λε’κτροιο
716 2098 846 2156 παλαιοῦ
868 2090 973 2170 θεσμὸν
990 2088 1091 2150 ἵκοντο.
1136 2084 1191 2150 Sic
1218 2097 1252 2149 et

217 2188 324 2276 postea
334 2188 486 2255 nillum:
511 2216 540 2255 v.
556 2214 586 2257 c.
624 2192 808 2258 Periciionae
826 2211 880 2276 ap.
896 2190 986 2253 Stob.
1000 2186 1194 2253 LXXXIII.
1216 2207 1250 2273 p.

217 2289 294 2370 488.
309 2289 349 2355 de
364 2291 470 2356 uxoris
481 2293 605 2357 officio:
628 2295 704 2367 θεοὺς
719 2293 746 2356 ὃὶ
759 2289 847 2355 eliac
861 2293 911 2368 δεῖ,
923 2292 948 2364 ic
959 2287 1110 2364 εὐελτιςίην
1122 2289 1251 2370 εὗδανμο·

218 2389 284 2470 νίης,
299 2391 404 2475 νόμοιτί
416 2418 447 2456 τι
461 2394 483 2480 ’h
497 2398 627 2478 &copulor
641 2393 807 2477 σαθομίνην
819 2391 971 2477 πατρίοισι.
1002 2389 1151 2455 AElianuo
1165 2387 1251 2452 anti-

218 2491 374 2579 quitatem
389 2493 520 2560 subinde
534 2495 695 2574 affechms,
711 2497 788 2559 Var.
803 2493 884 2559 Hist.
900 2493 979 2557 XII.
990 2508 1052 2574 47:
1075 2488 1116 2554 de
1129 2488 1251 2554 Aristo·

218 2594 333 2660 mache
352 2619 449 2661 uxore
469 2596 585 2662 Dionis
606 2596 722 2683 expuli
744 2597 785 2660 ab
803 2595 866 2659 alio
881 2594 947 2659 viro
960 2593 992 2657 in
1010 2589 1252 2656 matrimonium

219 2693 335 2760 duola:
358 2701 500 2776 βιαθᾶτα
515 2701 562 2763 τὸν
581 2700 685 2780 θεσμὸν
703 2702 751 2774 τῆς
769 2699 843 2784 πρὸς
859 2697 939 2760 αὐτὸν
953 2698 1024 2770 εὐνῆς
1038 2698 1068 2757 οὐ
1082 2691 1252 2778 διεφύλαξεν.

220 2795 335 2861 Sedet
357 2798 425 2862 aliis
448 2799 488 2863 de
509 2799 635 2887 legibue
651 2799 767 2863 dIcitur
784 2795 1021 2885 antiquiffimio:
1046 2818 1076 2859 ν.
1090 2818 1121 2859 c.
1159 2793 1250 2859 Plut-

218 2896 328 2976 archo,
344 2900 471 2964 Romul.
494 2923 527 2987 p.
548 2921 600 2986 23.
620 2903 664 2965 D.
687 2904 762 2986 ἱεροῖς
775 2925 834 2962 τιτι
848 2901 974 2980 θεσμοῖς.
1016 2895 1133 2960 Solone
1147 2916 1186 2958 ex
1201 2892 1253 2980 ip-

218 2997 277 3061 stus
294 3001 380 3084 Lego
402 3023 434 3087 p.
453 3002 506 3064 88.
524 3005 557 3066 F.
583 3004 634 3087 89.
650 3004 693 3066 A.
717 3019 770 3088 92.
787 3003 825 3065 B.
847 3017 923 3085 504.
940 2999 990 3063 C:
1015 2996 1254 3083 Harpocration

219 3122 295 3164 voce
310 3102 428 3183 θεσμόςε
453 3103 492 3166 dc
505 3103 677 3186 Draconis,
689 3117 727 3166 ut
741 3103 783 3166 est
795 3100 881 3188 apud
896 3100 1061 3165 AElianum
1076 3102 1153 3164 Var.
1170 3099 1255 3164 Hirr.

218 3199 315 3264 VIII.
331 3222 380 3266 10.
394 3226 413 3267 a
429 3205 558 3269 Kuhnio
572 3219 606 3269 ct
623 3203 787 3269 Perizonio
798 3202 1015 3289 explanatum.
1039 3201 1137 3265 Certe
1148 3201 1254 3286 postea

218 3324 346 3391 quoque
365 3307 480 3387 θεσμὸς,
497 3319 534 3370 ut
554 3305 646 3389 θέμις,
661 3319 694 3369 et
711 3308 834 3387 θεμιτὸν,
851 3303 953 3389 magis
967 3301 1008 3365 ad
1024 3301 1166 3366 divinum
1183 3300 1253 3386 jus,

206 3403 278 3489 sas,
294 3407 468 3492 pertinuit:
493 3408 568 3491 νόμος
583 3422 706 3485 contra,
726 3405 765 3470 ad
779 3405 956 3470 humanum
970 3403 1037 3490 jus.
1074 3407 1148 3469 Hoc
1164 3404 1255 3468 sensu

219 3509 350 3593 ponitur
371 3532 389 3573 a
408 3509 578 3574 Plutarcho
595 3509 723 3574 Conlol.
737 3508 894 3594 Apollon.
920 3529 952 3593 p.
972 3526 1043 3569 111.
1059 3509 1103 3571 D.
1126 3510 1181 3580 τοῖς
1206 3513 1254 3582 τῆς

218 3611 378 3696 εἱμαρμένης
400 3611 446 3691 καὶ
466 3612 596 3699 προνοίας
617 3616 742 3693 δεσμοῖς,
754 3611 824 3698 sati
842 3634 878 3672 oc
895 3607 1096 3694 providentiae
1115 3606 1252 3695 legibus:

216 3722 251 3775 ct
272 3713 514 3778 accommodate
537 3712 578 3778 ad
600 3714 787 3798 praescntem
809 3712 930 3789 locum,
954 3711 1005 3774 De
1026 3710 1164 3774 Occulte
1178 3711 1251 3774 Viv.

217 3835 251 3902 p.
270 3832 364 3898 1130.
385 3815 435 3879 A:
465 3818 578 3898 τὸνμὲν
600 3818 674 3892 ἥλιον
695 3811 862 3877 Ἀτίλλοονα
883 3816 958 3875 κατὰ
979 3813 1041 3886 τοὺς
1061 3811 1188 3899 πατρίοις
1207 3811 1253 3890 καὶ

217 3919 360 3992 παλαιοὺς
383 3920 502 4000 θεσμοὺς
520 3917 680 4001 νομίζοντες,
692 3915 857 4003 secundum
875 3914 979 4001 patria
1000 3927 1027 3977 et
1046 3928 1149 3977 vetera
1168 3913 1251 4000 ἑψο-

216 4031 294 4083 tulo.
334 4020 476 4084 Omnino
491 4020 567 4102 νίμις
582 4018 683 4104 magis
698 4016 738 4079 ad
756 4016 847 4102 legem
858 4016 1016 4104 scriptam,
1031 4017 1134 4097 θεσμὸς
1148 4014 1251 4102 magis

216 4120 258 4186 ad
279 4120 371 4208 legem
394 4145 452 4184 non
469 4121 629 4208 scriptam,
652 4143 757 4182 morem
780 4117 966 4204 institutaque
991 4118 1147 4206 marsorum,
1168 4117 1249 4180 refe·

216 4222 357 4290 rebatur.
385 4221 459 4289 -sed
481 4220 573 4308 plura
585 4221 722 4285 aliorum
737 4218 808 4285 loca
823 4219 949 4300 referre,
964 4232 1021 4285 aut
1034 4219 1172 4306 reliquas
1185 4216 1249 4282 hu·
