2692 4770
259 367 413 427 SEPTEM
427 366 606 427 SAPIENT.
620 367 789 428 CONVIV.
807 374 911 444 prss.
921 366 955 424 B.
1067 370 1125 439 971

95 535 206 609 νοννῶν,
222 529 267 594 ita
289 548 322 595 et
340 530 432 596 Harl.
452 551 481 594 1.
498 551 528 599 2.
552 547 585 596 et
600 530 724 609 malim,
738 543 776 595 ut
789 552 864 596 cum
886 526 1046 594 medicina
1061 520 1131 592 mass

95 631 148 719 gis
169 633 391 720 conjuncium,
417 648 497 719 753:
527 633 670 709 συνουσίας
689 640 795 721 καιροῦ,
820 633 895 720 696.
912 632 992 698 812:
1026 633 1133 720 βρεφῶν

97 733 235 810 καθίσεως
251 753 324 819 747.
444 752 448 759 '

143 838 214 922 158.
229 837 268 900 Β.
291 835 661 911 Ἡσιοθε-Αίονινιος-οιέ
679 837 782 924 ίόρακος
795 833 987 923 capimur]
1013 833 1133 900 Fabula

95 934 226 1004 Hefiodi
243 939 283 1004 de
300 940 466 1025 Accipitre
480 953 513 1004 et
527 939 674 1004 Luscinia
686 938 777 1025 Ἔργ.
794 956 867 1023 203.
885 938 1005 1024 AEsopo
1020 959 1130 1002 exem-

95 1035 187 1126 plum
201 1042 328 1128 generis
350 1041 529 1106 fabularum
544 1040 678 1106 extitisse
692 1053 825 1127 putatur
838 1039 920 1128 ejus,
935 1038 1022 1126 quod
1036 1041 1076 1105 ab
1091 1063 1131 1105 eo

95 1163 214 1207 nomen
230 1142 365 1229 accepit.
402 1142 638 1230 Quinciilianus
652 1143 752 1207 instit.
768 1143 860 1208 Orat.
872 1143 914 1204 V.
935 1160 984 1219 11¹.
1002 1162 1033 1226 p.
1045 1160 1129 1223 440:

95 1243 168 1306 lllae
183 1268 294 1332 quoque
300 1243 439 1330 fohulae,
455 1270 524 1334 quae
538 1244 627 1308 etiarn
629 1245 665 1330 st
677 1244 817 1333 originem
833 1267 890 1307 nou
904 1243 944 1305 oh
953 1243 1063 1330 AEsopo
1077 1268 1132 1310 oc-

94 1357 242 1433 ceperunt,
256 1371 326 1409 nam
341 1346 462 1410 videtur
480 1371 581 1410 carum
602 1344 715 1434 primus
730 1340 837 1410 author
849 1344 1003 1432 Hestodus,
1018 1337 1133 1412 nomini

95 1460 194 1511 tomen
209 1448 316 1534 AEsopi
331 1449 457 1510 maximo
471 1447 668 1528 celebrantur,
684 1449 788 1512 ducere
801 1447 912 1511 animos
923 1446 1033 1535 solent,
1046 1462 1132 1535 prae-

94 1550 179 1637 cipue
200 1548 368 1634 rusticorum
392 1561 421 1611 ct
447 1549 697 1637 imperitorum—.
740 1551 817 1615 Non
841 1549 894 1614 hic
918 1550 958 1615 de
980 1550 1134 1636 peculiari

93 1650 235 1738 quodam
250 1673 345 1738 opere
361 1649 519 1715 Hcfiodeo
534 1650 764 1739 cogitandum:
788 1649 840 1715 sed
858 1650 973 1716 dehac
989 1650 1065 1738 ipsa,
1082 1652 1132 1721 vel

94 1770 161 1818 una
174 1753 241 1831 illa,
252 1753 300 1816 vel
312 1752 392 1832 aliis,
408 1753 507 1839 siquas
523 1752 591 1817 aliis
606 1753 636 1816 in
652 1753 844 1817 carminibus
859 1752 963 1817 obiter
977 1754 1132 1839 prodidit.

94 1859 319 1944 Hermogenes
336 1857 574 1944 Progymnasm.
593 1858 618 1919 1.
633 1855 702 1943 osopi
715 1854 805 1937 μίθιι.
840 1853 988 1934 Φαίνοντας
1001 1857 1029 1918 δὲ
1042 1857 1131 1945 τοίτιρ

91 1958 267 2047 χρησόμενοι
287 1956 332 2035 καί
353 1963 377 2020 oi
396 1960 521 2044 ἀρχαῖοι·
549 1955 677 2031 Ἡσίοδος
700 1959 751 2039 μὲν
772 1958 818 2020 τὸν
842 1962 889 2033 τῆς
913 1957 1018 2035 ἇηδόνος
1040 1958 1131 2040 elicio,

91 2060 270 2147 Ἀρχίλοχος
287 2062 312 2122 δὲ
330 2061 376 2122 τὸν
390 2065 437 2135 τῆς
452 2057 734 2134 ἀλώπεκος-πάντες
755 2060 781 2122 δὲ
802 2067 892 2134 κοινῶς
913 2059 1059 2124 Αίσῶιιεινι
1080 2061 1131 2125 λί-

92 2166 193 2248 γονίας,
215 2163 279 2225 διότι
304 2164 358 2235 τοῖς
380 2162 477 2244 μύθοις
500 2158 628 2236 Α’ίσνιπος
650 2162 790 2248 ἔχρῆσοιτο
811 2162 885 2249 πρὸς
910 2166 961 2236 τοὶς
985 2161 1129 2239 συννοίας.

93 2265 180 2351 Quae
201 2263 294 2328 vertit
320 2262 494 2326 Priscianus
517 2263 548 2326 in
574 2262 919 2351 Progymnasmatibus,
943 2261 1132 2349 quaedame

92 2364 314 2453 Quiniiiliano
329 2348 470 2429 hddcns:
498 2363 548 2450 Uſs
557 2367 634 2454 suut
656 2389 691 2428 co
713 2377 812 2429 tomen
825 2363 1005 2452 uetustiffimi
1019 2390 1133 2455 quoque

93 2475 244 2530 auclorcs:
265 2478 299 2528 ut
317 2464 472 2550 llcstodus,
487 2464 692 2545 Archilochus,
709 2465 867 2531 Horatius.
906 2465 1048 2551 Heſsodus
1062 2468 1132 2555 qui·v

92 2570 159 2631 dcm
180 2552 351 2654 Lusciniae:
376 2565 568 2631 Archilochus
585 2580 683 2631 autem
705 2567 827 2656 vulpis:
862 2568 1005 2632 Horatius
1026 2570 1131 2635 muris.

92 2670 239 2737 Julianus
262 2672 344 2755 Imp.
361 2671 418 2735 Or.
434 2671 511 2734 Vll.
529 2692 561 2756 p.
581 2686 653 2754 207.
668 2671 707 2734 B.
727 2669 768 2734 de
787 2669 911 2756 origine
926 2667 1022 2756 hujus
1038 2670 1131 2736 studii

92 2772 262 2837 differens:
287 2771 371 2836 Oii'ru
386 2768 430 2849 >col
444 2771 572 2847 Ἡσίοδος
585 2774 653 2835 αὐτὸ
668 2771 790 2854 φαίνεται(
804 2769 964 2849 πεποιηκώς·
989 2776 1001 2835 ό
1016 2774 1043 2835 δὲ
1055 2777 1132 2855 μετὰ

91 2882 187 2938 τοῦτον
207 2876 384 2959 Ἀρχίλοχος
398 2870 488 2958 ν’ίονιιρ
504 2872 612 2955 ἥδυσμά
631 2898 658 2935 τι
677 2872 829 2957 περιτιθείς
847 2879 881 2958 τῇ
901 2873 1012 2951 ποιήσει
1032 2874 1131 2957 μόθοις

92 2977 223 3062 ὀλιγάκις
236 2971 687 3062 ἐχρήσατο·-ἡδιίσματα’ταῦτα
705 2973 766 3058 (τός
781 2974 869 3054 uiues)
888 2980 964 3062 παρὰ
978 2981 1025 3053 τῆς
1041 3000 1129 3055 orom-

91 3083 170 3155 τικῆς
192 3081 296 3154 Μιισῇς
317 3075 462 3164 ἐθρέψατο·
486 3075 571 3142 reihe
591 3075 644 3140 ille
663 3074 734 3138 αἶνον
758 3075 942 3161 AEsopicum
963 3099 1067 3163 genus
1090 3078 1131 3143 ab

93 3178 239 3244 universo
254 3202 373 3266 genere
387 3179 483 3262 μύθων
497 3178 704 3266 distinguens.
740 3178 792 3242 Sic
812 3193 846 3242 et
864 3178 1058 3242 Ammonius
1077 3181 1130 3245 De

93 3281 266 3347 Different.
282 3283 406 3346 Vocab.
423 3304 454 3368 p.
469 3284 501 3345 6.
521 3280 602 3344 hirco
615 3294 649 3344 et
662 3280 822 3368 Παροιμίαι
836 3280 1019 3367 distinguit:
1043 3280 1130 3346 illius

93 3387 243 3473 exempla
264 3397 428 3473 apponens
451 3385 534 3449 idem
558 3406 597 3449 ex
620 3383 772 3461 Hesiodo,
796 3382 858 3448 alia
883 3382 1070 3448 Archilochi
1097 3396 1132 3450 et

95 3482 299 3554 Callimachi.
332 3486 446 3551 Suidas
467 3510 542 3551 voce
564 3492 663 3561 Μῦθος
686 3486 844 3572 descripsit
868 3485 1034 3550 lulianum
1058 3485 1082 3554 l.
1099 3508 1129 3552 c.

93 3592 172 3656 item
187 3592 218 3655 in
232 3614 309 3655 voce
323 3590 402 3665 Αίνος
415 3605 448 3654 ct
463 3589 650 3655 Scholiastcs
664 3587 927 3675 AristophVesp.
942 3604 1038 3673 1251:
1063 3589 1130 3675 pri·

93 3693 156 3757 mis
179 3693 280 3756 verbis
302 3691 442 3755 assumtis
464 3714 503 3756 ex
523 3690 654 3755 Theone
679 3691 918 3778 Progymnasm.
941 3691 1002 3754 III.
1026 3712 1059 3777 p.
1076 3693 1129 3758 28.

94 3794 194 3868 Μῦθίς
210 3799 249 3867 ἐςι
266 3793 348 3878 λόγος
362 3795 459 3870 ψευδὴς
474 3791 605 3874 είκονίζων
617 3794 665 3869 τὴν
679 3791 820 3868 ἀλήθειαν·
845 3802 1033 3856 numerante
1046 3791 1131 3856 inter

94 3888 241 3963 ouiiorcs
255 3896 382 3984 generis
402 3895 498 3960 etiam
525 3897 704 3959 Homerum
728 3915 760 3978 p.
778 3911 841 3978 29:
860 3890 986 3980 ’Όμηρος
1004 3897 1062 3980 γὰρ
1082 3894 1130 3957 καί

93 4001 222 4075 Ἡσίοδος
245 3999 291 4078 uui
313 3998 501 4086 Ἀρχίλοχος,
523 3995 569 4076 κα)
589 3995 672 4059 ἄλλοι
694 3996 762 4068 τινὲς
783 3991 966 4080 ω’ρεσόιίτεροι
986 3995 1133 4078 γεγονότες

94 4108 179 4167 αὑτοῦ
195 4103 275 4188 (scil.
291 4103 422 4178 Alooiue)
442 4100 578 4181 φαίνοντας
593 4098 757 4179 ἐπιςοίμενοι·
782 4110 819 4159 ut
832 4094 907 4158 item
927 4095 1131 4160 Philostratus

98 4206 188 4269 leon.
206 4207 232 4267 l.
248 4225 279 4289 3.
305 4227 336 4289 p.
353 4203 437 4285 766:
461 4201 603 4282 Ἐμέλησε
623 4199 674 4281 μὲν
695 4202 754 4286 γᾶρ
776 4195 822 4269 uui
838 4196 952 4283 Ὁμήρῳ
972 4196 1062 4278 μόθον,
1086 4196 1133 4264 κα)

94 4305 232 4392 Ἡσιόδῳ,
249 4304 287 4368 ἔτι
304 4305 351 4368 καί
366 4302 535 4390 Ἀρχιλόχῳ
549 4303 621 4389 πρὸς
635 4296 799 4383 Accipiat·
823 4300 890 4363 ἀλλ’
904 4297 1026 4389 Αίσόιπιρ
1039 4298 1137 4365 olna·
