2692 4770
197 412 203 423 ⁸
234 329 310 391 1064
415 330 517 392 nw.
536 300 745 417 rutnans.
765 332 812 392 nu
832 327 1064 391 enormem

232 501 329 557 acuta
348 492 391 557 est
411 493 579 580 oppositio,
599 493 697 560 veluti
719 493 760 561 de
780 491 959 572 Alcibiade,
979 491 1048 555 Vit.
1068 510 1102 575 p.
1119 505 1198 574 234.
1221 484 1269 551 C.

232 592 435 679 homonem
448 599 558 676 μᾶλλον
570 594 587 673 l
598 595 746 681 κννννένννν
759 600 835 680 unp
848 589 1080 675 Λνννδννμννῖννν·
1175 598 1179 607 ’

280 694 351 778 178.
369 694 409 759 C.
433 693 477 773 ιη’.
491 697 607 761 Φίλωνα
620 699 665 760 τὸν
680 695 863 781 &esaion-J
879 684 1016 759 Videtur
1027 688 1160 756 omnino
1175 686 1268 753 idern

235 794 290 861 hic
311 797 373 862 elle
395 796 507 862 Philon
528 798 713 877 Thebanus,
735 820 844 883 quem,
866 797 949 861 inter
969 793 1205 859 Thebanorum
1222 788 1269 855 ad

236 896 419 985 Philippum
431 898 567 987 legatos,
580 898 667 986 gravi
680 921 719 965 ac
733 897 882 984 prudenti
895 897 936 962 ad
949 918 1023 960 eum
1044 891 1269 959 admonitione

235 998 341 1079 usum,
356 1014 461 1066 narrat
473 1001 704 1068 Demosthenes
720 1000 810 1065 Orat.
824 1001 877 1065 De
891 997 980 1063 Falsa
999 998 1114 1083 Legat.
1136 1014 1172 1078 p.
1187 992 1267 1060 218.

235 1101 274 1166 B.
298 1100 459 1168 Credibile
472 1104 525 1183 est,
540 1100 636 1190 hujus
649 1102 699 1166 vel
712 1100 825 1178 filiurn,
839 1099 887 1165 vel
903 1110 1066 1184 nepotem,
1080 1093 1172 1160 suifl'e
1187 1092 1267 1158 Psi·

236 1198 329 1265 Ioum
359 1201 542 1280 Thebanum,
572 1202 654 1268 inter
682 1201 782 1267 socios
808 1199 981 1265 Alexandri
1002 1210 1035 1262 et
1061 1216 1169 1261 rerum
1195 1193 1268 1280 ejus

236 1301 402 1388 scriptores
424 1315 635 1367 memoratum
663 1300 832 1366 Plutarcho
852 1299 946 1364 Alex.
969 1320 1003 1384 p.
1025 1299 1100 1382 691.
1117 1295 1163 1361 A.
1200 1292 1265 1360 Di·

235 1404 326 1470 dium
342 1403 491 1491 Philippi,
506 1404 659 1468 invidum
674 1404 705 1468 se
719 1401 948 1468 benefaciendo
968 1398 1152 1486 cupientem
1173 1395 1265 1461 vide·

235 1505 275 1585 ri,
302 1506 399 1570 habet
426 1504 568 1570 colorem
596 1503 807 1581 Socraticum,
836 1525 856 1567 e
883 1500 1099 1589 Xenophonte
1123 1498 1266 1585 petitum

239 1605 411 1693 Cyropaed.
432 1606 476 1672 V.
489 1624 523 1691 3.
540 1619 596 1690 15:
618 1604 757 1670 Atrabas.
782 1605 827 1667 ll.
841 1622 875 1689 3.
892 1621 948 1668 122
971 1614 1005 1667 et
1016 1600 1170 1688 congruit
1183 1599 1266 1667 Ale·

237 1704 370 1773 xandro.

280 1809 354 1893 178.
370 1808 410 1875 C.
433 1808 499 1896 m]
524 1809 567 1872 Et
586 1807 661 1888 hoc,
683 1819 722 1873 nt
742 1806 902 1895 ploraque,
920 1828 942 1870 a
959 1804 1174 1891 'lheopompo
1195 1824 1266 1869 me·

236 1909 345 1974 moriae
359 1907 523 1996 proditum
536 1907 656 1973 dicam:
673 1907 729 1994 qui
740 1905 839 1972 limile
851 1904 971 1970 festum
986 1902 1174 1990 dislumque
1190 1902 1266 1968 Phi·

237 2009 318 2098 lippi
332 2010 473 2097 hospites
490 2022 602 2096 captos
619 2008 783 2074 vendentis
804 2005 1002 2084 memoravit,
1021 2018 1059 2071 ut
1080 2004 1229 2070 novimus
1247 2025 1267 2069 e

237 2112 382 2178 Zenobio
395 2110 540 2176 Proverb.
555 2112 598 2175 V.
616 2111 676 2177 26:
699 2109 782 2185 Ξένος
796 2109 872 2174 ἔλθοι
887 2104 942 2182 ὄςις
955 2107 1051 2186 ὀνήσει.
1075 2105 1189 2184 Ταύτην
1201 2106 1267 2188 φησὶ

236 2214 400 2296 Θεόπομπος
412 2212 463 2276 ὑπὸ
477 2209 606 2275 Φιλίπυ
618 2219 723 2299 πρῶτον
737 2215 883 2296 λεχθῆναι.
913 2214 1075 2274 Θεσσαλῶν
1094 2212 1153 2295 γὰρ
1172 2234 1267 2273 κατα·

237 2314 406 2402 ςριψάμνος
418 2311 517 2391 πόλιν,
532 2308 579 2390 καὶ
590 2313 651 2387 τοὺς
665 2312 762 2376 αὐτόθι
775 2311 851 2390 {isac
863 2310 1007 2390 πωλήσας,
1019 2310 1170 2396 χλευάζων
1183 2310 1267 2390 clm,

231 2415 421 2494 Ἐλθοιξένος
435 2411 490 2489 ὅςις
509 2414 605 2492 duim
641 2412 788 2479 Relatum
808 2414 852 2478 est
873 2412 907 2476 in
929 2413 1104 2499 Proverbiis
1117 2411 1268 2479 Metricis

238 2518 365 2591 Schottl
380 2532 455 2602 305.
478 2537 510 2602 p.
526 2516 601 2601 59⁶·

283 2622 355 2706 178.
369 2622 415 2687 D.
430 2616 482 2704 ,κ’.]
508 2616 698 2683 Notavimus
713 2637 746 2702 p.
761 2634 832 2701 123.
846 2617 881 2683 F.
914 2618 988 2681 Hoc
1003 2616 1076 2681 loco
1089 2614 1267 2701 legendum

237 2721 440 2812 egerrime,
455 2740 494 2782 ex
509 2716 693 2781 Harleiano.

284 2824 356 2906 178.
371 2825 411 2886 E.
433 2818 491 2895 καί,
511 2818 667 2906 Ἱππάρχου
679 2825 727 2882 τοῦ
743 2816 900 2902 Εὐὸοιέως·]
925 2817 977 2880 Est
990 2816 1043 2880 ille
1057 2816 1270 2904 Hipparchus

239 2945 336 3011 quem
358 2920 552 3006 Philippum,
567 2941 643 2984 cum
658 2918 727 2982 aliis
744 2918 871 2982 duobus
886 2930 1056 3005 tyrannum
1069 2918 1204 2982 Eretriae
1219 2919 1268 2984 fe·

241 3025 313 3091 cisse
327 3022 433 3087 scribit
448 3020 677 3090 Demosthenes
692 3021 785 3085 Orat.
805 3018 940 3106 Philipp.
957 3021 1019 3085 lll.
1040 3041 1074 3105 p.
1088 3038 1144 3103 50.
1161 3021 1211 3086 C:
1235 3036 1269 3086 et

239 3129 324 3193 inter
344 3122 537 3190 Euboeenses
559 3122 670 3207 patriae
693 3121 870 3208 proditores
891 3124 1032 3186 recenset
1050 3121 1082 3184 in
1102 3121 1198 3186 Orat.
1216 3126 1270 3189 De

241 3230 371 3294 Corona
385 3250 418 3314 p.
432 3246 507 3312 354.
523 3212 566 3290 C.

286 3328 358 3412 178.
370 3327 410 3389 E.
428 3324 499 3409 ud]
524 3325 576 3402 De
591 3323 650 3399 hac
665 3323 829 3389 simultatis
843 3323 946 3389 caussa
958 3323 1065 3411 prodit
1079 3324 1271 3392 Plutarchus

239 3429 273 3494 in
292 3425 474 3493 Alexandro
492 3448 525 3511 p.
542 3427 616 3510 669.
655 3426 693 3503 ln
708 3426 798 3504 simili
811 3441 1003 3514 argumento
1017 3427 1200 3513 responsum
1216 3430 1270 3495 Pi·

239 3531 346 3596 sistrati
359 3529 400 3594 ad
415 3527 495 3593 filios
509 3527 606 3590 exstat
620 3525 653 3591 in
668 3525 718 3603 his
732 3527 979 3614 Apophthegm.
994 3550 1026 3614 p.
1045 3530 1117 3615 189.
1133 3531 1174 3593 E.

286 3634 359 3717 178.
371 3633 406 3697 F.
421 3628 494 3716 κγ’.]
513 3627 669 3694 Eamdem
683 3624 905 3709 rem,'mutatis
917 3629 1068 3716 personis,
1083 3646 1191 3696 narrat
1206 3635 1270 3699 AE-

240 3734 346 3800 lianus
361 3735 438 3799 Var.
454 3733 534 3798 Hist.
549 3734 627 3798 Vll.
644 3753 696 3801 20.
711 3750 749 3799 ut
766 3735 888 3813 ditium
904 3729 1135 3799 lacedaemone
1148 3735 1190 3801 ab
1203 3737 1272 3801 Ar-

241 3835 391 3902 chidamo
412 3857 487 3921 rege
507 3833 547 3899 ad
567 3834 710 3921 legatum
733 3837 859 3915 Ceum3
888 3849 984 3922 atque
1005 3834 1147 3900 indidem
1168 3837 1273 3917 refert

241 3939 390 4003 Stobaeus
405 3936 553 4024 Florileg.
567 3937 632 4002 Tit.
647 3940 725 4002 Xll.
746 3960 779 4023 p.
799 3958 871 4019 140.
890 3938 1000 4002 addito
1020 3938 1051 4003 in
1076 3939 1274 4006 Gesneriana

239 4041 381 4106 editione
393 4037 545 4104 lemmate
558 4037 598 4103 ad
615 4039 803 4125 marginem,
819 4040 959 4128 Ejusdem
973 4039 1017 4104 ol.
1032 4038 1179 4118 AEliani3
1197 4040 1273 4128 jam

241 4164 341 4226 quum
377 4139 520 4229 proxime
547 4138 737 4207 antecedens
765 4139 888 4207 dictum
920 4141 1017 4208 suerit
1045 4141 1273 4231 Theophrasti,
