2692 4770
116 335 121 345 ·
226 303 379 368 SEPTEM
393 309 570 369 SAPIENT.
587 310 756 371 CONVlV.
771 330 799 390 p.
810 312 875 372 1⁵6.
885 309 1059 380 E-157.u.
1099 311 1157 384 96⁵

128 468 242 532 meniis
267 471 361 550 libro,
384 495 469 538 unus
491 488 648 539 memorat
671 473 836 538 Pausanias
859 475 918 537 IX.
933 474 987 559 38.
1011 474 1066 537 tin.
1088 471 1158 561 ejus

126 571 267 636 carmina
283 571 350 660 jam
367 588 445 640 tunc
460 575 647 641 intercidisse
661 576 849 664 significans.

170 676 242 756 156.
257 677 296 739 E.
320 675 404 763 ἔχεν]
431 679 527 742 Varia
547 677 643 743 lectio
665 679 722 743 sub
743 693 896 743 contextu
915 700 1080 764 perperam
1095 700 1155 742 no·

120 790 192 841 tata
205 779 269 843 est:
293 802 368 843 nam
383 781 469 866 ἐνέχει
484 780 605 845 habent
622 769 660 845 Β.
676 783 719 847 G.
736 803 849 868 margo
866 783 906 846 A.
921 781 1037 867 quibus
1060 799 1154 844 acce·

122 878 206 943 dunt
226 881 318 945 Harl.
337 902 365 946 r.
382 902 412 947 2.
450 883 536 948 Ferri
557 898 665 948 tamen
689 883 791 968 potest
811 881 991 970 vulgatum,
1013 883 1102 969 quod
1121 881 1155 948 iu

122 982 266 1068 margine
281 984 368 1049 Voss.
384 985 555 1070 exponitur
566 986 626 1049 ἀντὶ
641 992 688 1050 τοῦ
703 985 792 1072 ἔχειν.
839 1026 841 1031 .

167 1086 238 1168 156.
254 1087 288 1148 F.
313 1086 484 1172 Κλεόδημος]
514 1087 603 1151 Harl.
623 1108 651 1151 1.
664 1105 695 1154 2.
711 1087 879 1176 Klto'loopos.

166 1185 239 1267 156.
254 1187 288 1248 F.
309 1188 357 1264 τὴν
371 1185 527 1273 ἆμὸρνσῖαν
539 1192 579 1272 τῷ
598 1185 859 1272 Δνΐωελαᾶδις-]
888 1185 1027 1252 Pertinet
1048 1185 1089 1250 ad
1104 1185 1152 1252 0·

120 1281 198 1371 dytr.
218 1286 269 1350 M.
288 1287 350 1353 62:
379 1287 465 1352 unde
478 1288 619 1375 profetia
636 1290 735 1376 Myro
755 1289 911 1376 Byzantia
934 1288 1040 1353 locum
1056 1310 1152 1353 orna-

120 1385 211 1451 vitiu
228 1388 378 1454 Carmine
399 1390 550 1478 inscripto
568 1391 748 1478 Μνημοσύνῃ,
764 1410 804 1456 ex
824 1413 890 1478 quo
912 1390 1036 1478 aliquot
1049 1392 1153 1458 versus

119 1489 266 1575 apposuit
278 1490 460 1556 Athenaeus
471 1495 531 1556 XI.
545 1515 577 1580 p.
586 1495 713 1579 491.A.
729 1509 844 1558 notans
857 1492 1021 1559 Cratetem
1033 1496 1151 1560 Gram-

119 1590 286 1670 maticum,
310 1592 365 1678 qui
386 1593 518 1678 poetriae
540 1593 730 1660 sententiam
753 1594 957 1681 interceperit
974 1608 1008 1659 et
1025 1617 1084 1682 pro
1098 1595 1154 1660 sua

118 1690 184 1780 ipse
200 1693 417 1772 venditaverit,
434 1717 467 1781 p.
481 1716 556 1782 490.
573 1699 611 1761 E.
648 1698 875 1783 Fragmentum
891 1696 955 1761 hoc
969 1698 1085 1784 Myrur
1099 1719 1151 1762 re-

119 1795 194 1860 tulit
208 1797 261 1861 Jo.
279 1796 358 1861 Chr.
374 1796 514 1862 Wolfius
529 1799 561 1862 in
577 1798 673 1863 Vlll.
694 1797 890 1864 Poetriarurn
910 1800 1037 1885 Fragm.
1052 1820 1086 1885 p.
1097 1800 1149 1866 28.

117 1896 160 1961 Et
178 1897 327 1986 Heynius
346 1896 455 1987 attigit
474 1912 702 1987 argumentum
723 1899 756 1964 in
776 1898 873 1964 Notis
887 1898 928 1963 ad
942 1898 1097 1987 Apollod.
1114 1921 1149 1986 p.

116 2016 192 2085 213.

158 2123 191 2188 p.
218 2119 288 2188 157.
313 2103 356 2167 A.
384 2105 498 2193 μητρὸς]
536 2103 677 2169 Omnino
703 2101 900 2190 probabilius
926 2102 969 2168 est
995 2105 1149 2192 θυγατρὸς,

115 2204 204 2290 quod
220 2203 275 2268 dat
296 2207 337 2270 G.
355 2205 446 2270 Harl.
470 2226 499 2268 1.
516 2224 555 2272 νε
588 2205 728 2293 aenigma
742 2203 836 2290 plane
850 2204 999 2270 convenit
1017 2205 1150 2293 ingenio

116 2304 328 2371 Cleobulinae.
363 2309 407 2370 Et
430 2306 588 2373 Cleobulo
610 2306 804 2371 conveniunt
823 2317 929 2392 partes
947 2305 1074 2371 dicendi
1088 2308 1148 2394 περὶ

114 2405 216 2495 με’τςν,
236 2405 322 2493 quod
345 2407 441 2495 hujus
462 2407 642 2473 celebratur
663 2406 784 2473 dictum
804 2407 904 2496 pirgo
918 2406 1022 2495 ἄριςνν,
1036 2407 1147 2493 prodi·

114 2525 185 2573 tum
200 2531 220 2572 a
233 2510 362 2575 Stobaeo
378 2531 410 2595 p.
423 2531 478 2591 44.
505 2509 650 2575 Ausonio
663 2531 696 2596 p.
711 2511 784 2575 280.

161 2629 232 2697 157.
248 2612 287 2676 B.
310 2611 414 2676 ἄλλοτε
435 2617 493 2698 γὰρ
511 2610 598 2687 ἄλλος
617 2613 657 2686 iri
673 2615 733 2687 ταῖς
752 2608 874 2699 χρείαις]
902 2612 1007 2676 Poetae
1022 2610 1146 2678 dilium

113 2714 253 2780 redolet:
278 2715 364 2780 unde
379 2715 455 2780 item
471 2713 561 2779 fluxit
576 2713 657 2779 illud
671 2712 831 2780 Plutarchi
846 2712 885 2778 de
900 2716 1052 2801 Lycurgo
1062 2714 1145 2801 ejus·

112 2837 175 2902 que
190 2815 315 2903 legibus
331 2815 359 2879 l.
376 2837 410 2901 p.
422 2834 476 2898 47.
487 2815 520 2881 A
533 2841 541 2878 r
564 2819 602 2877 nt
620 2815 647 2877 li
661 2818 750 2902 μικρὰ
764 2814 786 2900 ’l
798 2816 958 2899 χρημαῖνκνὶ
970 2811 1145 2896 cupidum,

112 2914 159 2996 nul
172 2915 372 2997 pararlnlorra
385 2920 447 2990 ταῖς
457 2915 567 3003 χςεὶανς
585 2913 683 2978 ἄλλοτ’
697 2912 803 2992 ἄλλως,
822 2914 932 2992 βέλτιον
950 2912 979 2999 ἦν
994 2919 1032 2996 μὴ
1048 2942 1142 2980 κατα·

112 3016 262 3099 λαμὸἇνενν
282 3017 422 3104 ἐγῐςίιφονς
444 3017 593 3101 ἀνάγκαις.
630 3015 741 3080 Simile
760 3013 837 3081 huic
860 3014 989 3080 Hefiodi
1003 3015 1043 3080 de
1057 3031 1142 3082 tem·

110 3121 229 3206 pestate
250 3118 341 3207 Ἔςγ.
369 3121 455 3200 482:
482 3118 600 3206 ‘Annuit
621 3121 642 3181 δ’
665 3122 776 3192 ἀλλοῖος
802 3120 885 3196 Ζηνὸς
907 3118 961 3194 νόος
982 3119 1141 3206 Αἰγνὸχννν.

110 3220 270 3308 Euripidis
283 3220 399 3285 Troad.
416 3222 455 3304 67
470 3245 477 3284 t
501 3222 593 3306 πηδᾷς
606 3217 705 3283 ἄλλοτ’
720 3223 755 3293 εἷς
770 3217 862 3294 ἄλλνς
875 3219 987 3306 τρόπνς.
1048 3252 1049 3255 “

156 3344 227 3409 157.
245 3326 282 3388 B.
331 3324 450 3387 Αἰσώπν
465 3323 590 3407 κύων-]
616 3325 659 3386 Et
681 3322 750 3386 haec
764 3322 807 3386 est
826 3344 864 3387 ex
878 3343 987 3386 earum
1007 3343 1142 3389 numero

109 3426 229 3510 fabula,
244 3448 315 3512 quae
331 3426 362 3489 in
378 3425 471 3489 editis
485 3422 707 3509 AEsopicarum
723 3423 812 3489 libris
826 3446 890 3489 non
905 3424 1040 3489 exstant:
1058 3447 1140 3511 qua·

108 3552 179 3594 rum
196 3529 283 3593 haud
300 3551 431 3615 parvum
447 3527 507 3592 ell'e
522 3549 704 3607 numerum,
721 3541 833 3592 monet
847 3525 1048 3614 Tyrwhittue
1063 3529 1139 3595 Dis·

106 3634 179 3697 sert.
194 3633 246 3696 De
265 3631 380 3696 Babrio
403 3653 433 3716 p.
449 3650 504 3716 30.

152 3751 224 3818 157.
245 3735 283 3798 B.
320 3732 538 3820 σνσπενςόμενον]
576 3730 767 3820 Legendum
795 3729 1020 3818 συσπειρώμενον,
1051 3734 1139 3820 quod

105 3835 185 3900 dant
206 3834 292 3899 Vols.
316 3833 408 3898 Harl.
427 3853 455 3896 1.
471 3853 502 3900 2.
528 3833 704 3898 involutum.
742 3832 795 3899 Sic
818 3835 861 3897 ll.
877 3851 929 3919 77.
944 3837 983 3899 Ε.
1006 3836 1078 3903 828.
1095 3837 1136 3904 C.

105 3938 133 4001 l.
150 3939 231 4022 684.
241 3940 278 4001 E.
301 3935 453 4001 Aristides
476 3937 503 3999 l.
521 3957 554 4022 p.
569 3954 644 4021 313.
672 3935 829 4024 Taylorus
840 3933 881 3999 ad
895 3935 1040 4001 AEschin.
1055 3938 1136 4009 Fals.

103 4041 219 4127 Legat.
234 4060 269 4126 p.
285 4042 338 4121 67.
620 4059 624 4065 ’

150 4158 221 4224 157.
238 4142 277 4204 Β.
303 4139 468 4226 ςρογγόλονς
488 4136 536 4218 καὶ
555 4143 721 4214 Λακωνικῶς
741 4138 934 4225 βιωσομένους]
961 4138 1050 4205 Prius
1072 4141 1134 4206 du·

98 4241 191 4313 ,ctum
210 4242 251 4307 ab
271 4240 417 4326 exemplo
438 4240 526 4306 canis
544 4240 685 4322 involuti,
706 4241 889 4308 traduclurn
908 4244 949 4307 ad
971 4243 1136 4330 notionem

571 4361 665 4430 303
