2692 4770
305 287 508 350 arosmu.
524 288 745 355 Lacomca.
763 288 910 366 nnec.
1048 285 1126 361 nen

90 443 180 513 modi
200 446 300 518 homo
322 450 487 518 stationem
503 451 587 531 vita,
602 452 711 519 locum
727 450 758 516 in
779 448 859 531 acie,
874 448 1041 530 absumfit;
1064 469 1127 515 nec

89 547 124 615 in
146 549 215 619 acio
235 575 381 643 pugnare
401 557 514 642 potest.
551 557 700 622 Acumen
724 555 825 643 igitur
844 553 939 620 estin
961 551 1123 639 ambigui·

90 663 157 716 tate
178 655 418 736 vocabulorum,
441 657 532 735 τάξις,
554 679 626 744 quse
648 656 692 721 est
715 653 875 741 modestius
889 654 967 719 locus
992 654 1025 718 in
1049 653 1126 735 aeis,

77 749 174 838 statio
196 754 229 821 in
249 756 374 835 civibus,
395 759 516 846 census:
538 773 573 825 et
585 758 657 841 βίος,
673 757 729 846 qui
742 759 785 825 est
798 757 897 823 vitius
911 771 945 822 et
957 757 1037 821 vito.
1080 756 1125 821 Et

90 876 164 919 vero
179 857 326 942 paralitua
341 859 439 924 habet
453 860 513 939 βίον
533 859 685 939 alienum,
700 881 777 924 eum
790 859 899 937 vitam,
915 871 985 922 tum
998 856 1124 923 vicium.

90 954 144 1020 Sic
165 957 218 1021 De
239 958 417 1026 Adulatore
441 960 630 1027 Plutarchus
651 982 685 1048 p.
699 977 753 1044 52.
769 960 821 1025 A:
843 958 964 1032 -lfioes
978 958 1056 1036 ἤθους
1075 961 1125 1022 οὐκ

89 1054 163 1140 ἔχων
175 1057 300 1142 μόνιμον,
313 1062 370 1125 οὐδὲ
385 1068 473 1148 ἑαυτῷ
486 1063 546 1141 βίον
566 1066 651 1142 ζητῶν
668 1064 784 1147 culperis,
798 1048 865 1124 ἀλλ’
881 1059 976 1147 lrlpp.
1011 1060 1063 1124 De
1077 1060 1123 1124 E·

90 1157 200 1226 ducat.
216 1162 287 1227 Lib.
300 1183 333 1248 p.
349 1183 406 1248 13:
430 1165 499 1229 νόθοι
510 1163 580 1252 pipp
593 1163 669 1243 βίον.
690 1162 869 1228 Athenaeus
883 1159 924 1227 de
940 1160 1048 1226 Phoco
1065 1160 1124 1225 IV.

89 1282 122 1347 p.
140 1263 213 1328 168.
231 1266 275 1329 F:
303 1265 484 1353 πάνταγὰρ
507 1268 630 1345 ἀνήλωσε
655 1270 692 1328 τὰ
713 1273 839 1352 maspha
861 1268 897 1338 εἰς
918 1261 1052 1327 semias-
1079 1260 1127 1338 sal

90 1360 184 1429 aava
206 1366 354 1431 ἔνολᾶκονο
379 1370 425 1432 τὸν
447 1368 490 1431 hl
514 1374 562 1445 τῆς
585 1364 762 1453 Μουνυχίας.
800 1367 841 1431 Et
866 1363 971 1443 fallor,
992 1377 1050 1429 aut
1069 1360 1126 1449 qui

90 1461 154 1529 boc
179 1466 321 1552 prodidit
346 1469 524 1535 Historicus
549 1468 590 1534 de
617 1470 806 1547 Demarato,
835 1466 982 1533 imitatus
1005 1465 1050 1530 est
1074 1480 1126 1532 ta·

89 1564 155 1630 lem
176 1567 349 1653 quemdam
375 1569 502 1636 Comici
525 1569 694 1649 senarium,
717 1568 806 1649 Τᾶξνν
827 1566 890 1651 βίον
913 1567 1127 1648 meismes,

90 1663 224 1754 ql’yabi.

136 1788 210 1838 220.
226 1769 268 1835 C.
289 1771 579 1858 Ronlanum]
606 1774 645 1837 In
659 1772 737 1838 Vita
749 1770 865 1858 Agidis
877 1793 911 1859 p,
923 1787 998 1858 799.
1013 1774 1038 1837 F
1052 1795 1061 1836 ι
1082 1768 1129 1840 Σὺ

92 1873 121 1936 ll
141 1874 285 1960 Ἐκπροπῆ
305 1876 357 1958 μὶν
377 1878 503 1956 hminis,
521 1875 628 1960 lomes,
650 1873 679 1950 is
698 1875 837 1960 ipopeiios,
850 1873 979 1960 Φρονίδος
991 1879 1040 1938 roi
1054 1877 1128 1937 Ma·

92 1984 172 2042 σνκοῦ
193 1977 337 2066 Μᾶρνφ
355 1982 406 2053 τοὶς
428 1977 472 2043 lo'o
491 1978 632 2044 ruivinio
652 1979 760 2064 χορδῶν
780 1976 902 2059 tempu.
936 1974 1046 2041 Potuit
1064 1975 1130 2040 boc

91 2076 165 2145 loco
179 2094 271 2145 vetus
283 2080 380 2146 lectio
399 2080 489 2145 fuiffe
502 2082 677 2168 Ἐμοςηῢς·
700 2077 801 2144 sedin
815 2101 864 2158 ea,
879 2099 978 2166 quam
993 2075 1129 2143 retinui·

92 2202 165 2246 mus
185 2201 299 2247 omnes
322 2181 395 2248 libri
417 2181 632 2249 consentiunt.
668 2182 721 2247 De
742 2202 777 2245 re
798 2179 912 2246 eadem
931 2178 1072 2245 diximus
1094 2200 1135 2267 p.-

137 2401 212 2450 220.
230 2382 271 2450 C.
294 2386 567 2469 ultumam]
594 2385 743 2451 Erasmus
766 2383 853 2449 haud
872 2398 992 2450 temere
1014 2382 1054 2448 fic
1070 2383 1129 2471 jn·

93 2481 201 2550 dicat:
234 2486 286 2550 Ea
300 2487 453 2573 fitetmtia
474 2511 532 2552 non
552 2487 678 2573 diffonat
695 2484 824 2550 eliserit
839 2484 1048 2563 Hatram,
1062 2509 1134 2571 qua

92 2598 236 2666 narrant,
247 2587 397 2675 serpentis
411 2589 561 2653 mendacio
574 2587 704 2676 prinum
712 2587 800 2672 foras
813 2598 934 2675 apertas
947 2586 1132 2651 omnivitio·

94 2711 160 2753 rum
178 2689 295 2776 generi.
329 2689 395 2755 Nili
412 2689 629 2777 suppofititiua
645 2691 690 2754 est
706 2689 759 2754 hie
772 2689 876 2769 locus,
890 2688 1012 2754 neeeffe
1026 2687 1063 2753 fit
1076 2687 1131 2753 fu·

94 2789 149 2855 iffe
163 2790 226 2857 hoc
248 2791 404 2878 lingulam
425 2792 572 2879 Epaeneti
588 2790 763 2879 judicium.
797 2791 885 2856 Nam
902 2791 1133 2877 Spartanorum

96 2892 245 2959 institutis
265 2916 330 2958 non
345 2908 415 2959 erat
434 2894 572 2960 vetitum
590 2892 719 2959 mentiri
729 2917 740 2973 ;
765 2893 843 2981 quin
859 2892 941 2959 adeo
955 2914 1032 2959 cum
1053 2906 1132 2957 κλει·

93 2993 172 3080 eslp,
182 2994 323 3083 florendi
341 3019 429 3076 more,
447 2995 671 3083 conjunbtum,
686 3016 759 3082 quae
780 2994 844 3061 fine
862 2994 1033 3061 mendacio
1051 3015 1132 3060 con·

95 3097 173 3162 stare
187 3119 252 3162 non
267 3111 405 3184 poterat.
428 3099 500 3163 Nec
514 3097 679 3185 Lysandro
692 3097 769 3163 vitio
782 3097 931 3177 dabatur,
946 3096 1134 3165 mentiendo

94 3211 130 3264 et
148 3198 301 3280 fallendo,
323 3199 435 3286 patriae
456 3221 526 3265 rem
544 3221 676 3288 augere.
714 3198 826 3265 Simile
844 3200 888 3265 est
908 3199 942 3265 in
961 3199 1046 3264 hanc
1059 3199 1132 3264 sen·
1220 3232 1224 3243 ·

94 3302 232 3366 tendam
256 3301 500 3390 apophthegma
527 3300 714 3368 Cleomenis
740 3323 774 3389 p.
799 3319 875 3388 223.
895 3301 934 3367 B.
956 3300 1133 3388 perjurium

95 3403 187 3468 suum
201 3402 415 3468 defendentis.
437 3404 644 3491 Quamquam
657 3401 886 3482 Callicratide,
895 3402 1046 3488 Agesilai,
1058 3423 1134 3468 om·

96 3502 174 3570 nino
189 3504 435 3589 Spartanorum,
447 3519 481 3569 et
495 3503 637 3570 universe
652 3503 792 3570 Doricus
806 3503 936 3591 simplex
949 3517 985 3569 et
996 3502 1134 3570 fincerus

95 3625 166 3668 mos
189 3605 230 3668 ab
255 3605 310 3669 ista
331 3604 473 3692 perfidia
498 3605 571 3672 labe
596 3604 802 3688 abhorrebat.
846 3606 999 3671 Habebat
1023 3617 1134 3671 tamen

96 3706 169 3772 hcc
190 3704 301 3794 opinio
320 3707 545 3794 exceptionem
566 3707 653 3794 apud
672 3709 857 3794 Spartanos,
876 3721 915 3772 ut
933 3705 1032 3773 modo
1050 3705 1134 3772 dixi·

96 3832 193 3875 mus:
223 3810 364 3899 indeque
385 3809 610 3898 accipiendum
632 3808 721 3874 aliud
742 3807 985 3897 apophthegma
1008 3830 1042 3896 p.
1059 3827 1134 3894 234.

96 3910 123 3977 F
133 3936 142 3976 ι
165 3911 297 3987 Εἰπόντος
317 3913 345 3976 δέ
367 3938 439 3988 τινος
458 3912 573 3976 Λάκωνι
587 3909 628 3976 ὅτι
645 3911 786 3991 dullum,
805 3911 982 3998 ἀποκρίνοιτο,
1000 3909 1136 3995 insama

94 4018 154 4102 νο
169 4014 252 4097 os·
276 4021 300 4078 ο
319 4013 439 4079 aaa·
454 4012 576 4097 anan
592 4017 704 4091 vona
717 4011 828 4098 nm
843 4013 1016 4096 anaem-
1052 4012 1134 4079 οω-
1258 4084 1262 4091 ,

95 4136 153 4181 nes
177 4117 251 4181 sane
273 4115 453 4202 Scriptores
479 4127 515 4180 et
536 4112 722 4202 Philosophi
742 4112 947 4180 mendacium
965 4113 1135 4196 damnant,

95 4242 156 4286 nec
182 4220 237 4287 nili
258 4220 395 4288 remedii
417 4219 524 4287 cauffa
545 4219 677 4285 summis
699 4220 878 4289 avertendis
899 4219 991 4287 malis
1015 4242 1135 4287 conoe·

143 4341 229 4388 ron.
246 4341 301 4389 vr.
603 4339 664 4402 4r
