2692 4770
191 306 252 381 996
335 308 374 367 D.
388 309 439 366 W.
459 308 668 369 ANIMADV.
689 308 736 368 IN
756 307 1078 368 PLUTARCHI'LIB.

78 439 80 444 Ι
194 465 379 552 estromenta
393 481 454 533 tam
473 471 577 558 paucis
595 469 842 557 proprietatibus:
866 469 937 533 talis
958 470 1041 533 Dens
1059 492 1150 533 verres
1171 466 1247 553 effe=

194 569 308 656 nequit.
340 571 445 636 Alteri
466 586 624 659 reponent
640 573 831 638 contrariam
850 571 1140 659 reprehensionem:
1168 569 1224 632 Vos

72 737 74 745 ,
179 692 265 735 varo
278 685 340 736 tam
354 673 450 738 multa
470 673 621 738 includitis
638 674 792 739 attributa¹
805 675 837 738 in
857 674 917 738 Dei
938 673 1090 752 notionem,
1107 684 1141 737 ut
1159 673 1226 735 baec

194 771 277 836 nullo
291 775 372 838 modo
388 773 512 862 mistura
521 775 623 864 pcfflt:
636 776 713 840 talis
725 777 808 840 Deus
821 800 970 840 necturus
983 773 1032 860 est,
1046 799 1097 838 nec
1110 773 1226 837 omnino

195 873 251 957 effe
267 873 366 960 potest.
402 877 452 940 Ita
466 877 496 941 se
510 899 559 941 rea
572 877 683 942 habet.
710 877 865 964 Quotidie
881 876 1021 964 jactatur
1035 874 1225 940 tralatitium

193 970 274 1037 illud
288 998 378 1039 verus
393 977 494 1040 Deus.-
516 998 582 1063 quo
597 978 683 1042 suurn
699 978 829 1065 quisque
844 977 884 1042 de
895 979 968 1042 Deo
983 977 1147 1041 notionem
1162 975 1224 1060 fig·

195 1071 314 1154 nificat,
333 1075 413 1163 saepe
435 1076 523 1140 illam
541 1077 683 1164 ineptam
705 1091 740 1143 et
761 1077 877 1142 summi
898 1076 1037 1142 numinis
1062 1076 1225 1163 majestate

195 1172 372 1262 indignam.
409 1178 452 1241 Et
465 1178 547 1243 bene
561 1178 727 1244 nobiseum
741 1192 900 1266 ageretur,
919 1178 1018 1244 finon
1037 1177 1092 1242 nisi
1113 1177 1153 1241 ab
1171 1177 1223 1240 in-

195 1273 292 1341 douo
312 1277 410 1364 vulgo
433 1277 620 1365 jaetaretur.
666 1281 765 1344 Nunc
788 1278 980 1365 philosophi,
1003 1291 1098 1346 certe,
1113 1275 1170 1363 qui
1193 1277 1224 1341 se

115 1442 120 1450 ,
194 1373 401 1462 philosophos
424 1378 533 1444 haberi
555 1379 677 1457 volunt,
702 1378 781 1443 item
803 1394 946 1465 crepant.
985 1378 1160 1464 Disputant
1183 1375 1224 1442 de

194 1498 265 1541 vcro
279 1478 356 1557 Dec,
372 1501 432 1545 nec
446 1481 487 1545 ab
498 1478 569 1568 ejus
582 1479 768 1545 definitione
784 1480 1035 1567 proficiscuntur,
1050 1479 1135 1565 quali
1150 1498 1225 1543 vero

194 1576 267 1642 huc
287 1579 408 1643 nemini
429 1579 541 1666 ignota
561 1580 616 1647 fit:
641 1596 712 1647 tum
726 1581 772 1646 ita
783 1580 993 1659 concludunt,
1008 1595 1047 1644 ut
1060 1579 1224 1666 plerosque

196 1680 385 1747 Graecorum
401 1684 683 1771 Romanorumque
699 1682 853 1770 sapienter
867 1704 977 1753 verum
997 1684 1105 1747 Deurn
1128 1681 1223 1768 igno·

195 1781 284 1861 ruffe,
311 1795 543 1871 proptereaque
572 1785 606 1850 in
638 1783 754 1849 Atheie
781 1783 966 1862 censendos,
997 1780 1223 1869 pronuncient.

195 1881 359 1948 ceterum
378 1885 566 1972 perutrlguta
586 1884 640 1951 illa
656 1885 723 1951 veri
737 1884 799 1950 Dei
812 1885 982 1971 appellatio
997 1884 1088 1949 nobis
1103 1883 1190 1948 venit
1205 1904 1226 1947 a

194 1983 425 2050 consuetudine
444 1986 602 2066 Ecclefiae,
622 1985 719 2077 ‚cujus
737 1985 864 2052 diverse
880 1984 1041 2073 quondam
1056 1985 1147 2051 seete
1162 2007 1224 2050 no·

192 2086 314 2151 tionem
336 2078 400 2152 Dei
419 2086 540 2153 diverso
558 2086 658 2154 modo
671 2087 890 2167 informantes,
905 2087 973 2174 ejus
989 2087 1225 2175 ignorationem

193 2200 228 2253 et
240 2187 379 2266 ὣιᾶιητα
392 2209 457 2254 non
472 2188 571 2254 modo
584 2187 738 2275 profanis,
749 2187 803 2254 led
816 2188 952 2253 invicem
967 2188 1037 2253 aliae
1051 2188 1120 2252 aliis
1134 2187 1236 2254 settis·

193 2289 383 2376 exprobrare
397 2288 550 2355 solebant.
574 2291 656 2356 Haec
670 2289 711 2356 de
726 2289 859 2356 notione
869 2290 1053 2376 atbeie'qure
1067 2290 1224 2377 prolecto,

194 2392 249 2467 nifi
262 2392 433 2458 constitute
446 2392 578 2459 notione
592 2392 666 2472 Dei,
679 2391 827 2458 constitui
840 2391 909 2478 ipsu
920 2393 1044 2478 nequit.

235 2495 355 2581 Neque
368 2517 443 2560 vero
457 2495 580 2560 minore
600 2495 634 2559 in
655 2492 834 2559 temeritate
852 2494 991 2559 versetur
1012 2493 1102 2559 notio
1112 2495 1225 2582 super·

184 2596 326 2684 stirmis.
363 2596 470 2662 latini
487 2596 625 2662 nominis
639 2596 760 2662 incerta
780 2597 823 2661 eli
843 2597 967 2662 notatio
980 2611 1014 2660 et
1026 2596 1138 2682 origo:
1163 2596 1225 2683 fig-

196 2699 348 2780 nificatio,
369 2698 456 2764 haud
478 2700 630 2780 obscura;
652 2699 770 2786 quippe
791 2699 982 2785 respondens
1003 2699 1120 2763 Graeeo
1141 2702 1226 2762 δεισι-

194 2802 344 2884 δαιμονίας,
364 2800 405 2865 ad
427 2823 562 2887 eamque
583 2799 836 2866 accommodata.
872 2803 944 2866 Jam
968 2822 1062 2864 neruo
1085 2800 1226 2886 ignorat,

195 2902 324 2968 nomine
339 2902 502 2990 significari
517 2916 622 2967 metum
641 2902 827 2967 daemmum:
851 2925 884 2967 re
900 2903 975 2990 ipsa,
990 2916 1095 2967 metum
1109 2905 1229 2967 inanem

195 3005 338 3082 Decmm,
351 3003 544 3069 contrarium
556 3002 714 3090 religioni,
729 3026 800 3089 quae
812 3005 956 3068 Deorum
970 3005 1060 3068 cultu
1077 3005 1131 3090 pio
1146 3028 1228 3069 con·

194 3109 337 3187 tinetur3
360 3121 398 3171 ut
421 3105 585 3171 Ciceronis
606 3106 746 3170 ditlione
767 3119 898 3170 utamur
916 3108 967 3172 De
986 3107 1065 3171 Nat.
1081 3110 1180 3172 Deor.
1199 3111 1226 3171 l.

193 3228 248 3290 42.
292 3207 357 3273 Sed
379 3207 420 3272 de
442 3229 474 3272 re
497 3206 562 3292 ipsa
584 3207 689 3273 dicere
710 3206 882 3285 infinitum,
899 3230 957 3272 nec
973 3209 1065 3272 nobis
1084 3209 1225 3293 proposi·

193 3325 278 3388 turn,
294 3312 357 3376 est:
381 3308 427 3374 rei
441 3307 503 3372 vim
520 3307 673 3373 haetenus
691 3308 876 3396 querimus,
892 3321 1050 3394 quatenus
1064 3332 1103 3372 ex
1119 3311 1226 3374 nomi·

195 3414 244 3477 nie
265 3410 529 3498 interpretatione
551 3409 720 3497 speltatur.
756 3413 843 3499 Ergo
863 3412 895 3476 in
916 3412 1045 3477 nomine
1059 3416 1226 3494 δασιδαιμο-

194 3511 251 3588 rt«,
274 3511 601 3591 animadvertendum,
626 3511 704 3599 quid
728 3514 765 3576 fit
788 3515 914 3592 damon,
937 3514 1140 3600 quidmctus.
1185 3518 1227 3579 Et

194 3616 333 3701 primurn
349 3614 480 3701 quidem
494 3614 626 3691 constat,
649 3613 764 3696 δαίμονα
785 3614 962 3701 antiquitus
983 3616 1159 3702 promiscue
1177 3617 1228 3680 di·

194 3717 285 3782 etum
304 3718 365 3781 effe
385 3719 459 3795 eur,
481 3717 579 3796 dmm,
601 3715 717 3794 fetum,
738 3716 857 3795 casum,
880 3717 1053 3795 fortunam,
1078 3740 1127 3781 res
1150 3739 1227 3804 pro-

194 3820 298 3905 sperae
313 3818 361 3882 vel
375 3817 527 3899 adversas,
542 3839 679 3904 quanrm
698 3815 810 3881 cauffae
828 3818 965 3882 occultae
979 3832 1012 3883 et
1027 3819 1058 3881 in
1072 3820 1228 3904 potestate

192 3919 327 3984 deorum
345 3919 453 4004 politae
471 3919 657 3984 censenturr
682 3916 766 3981 unde
786 3915 976 3999 ὀλὲιοδαίμων,
987 3920 1084 4005 felix,
1103 3921 1227 3984 leatus:

193 4023 234 4084 sic
250 4023 425 4086 Homerus.
463 4019 619 4086 Hefiodus
637 4017 807 4084 distinxita
821 4019 880 4082 diis
898 4021 1026 4103 δαίμονας
1043 4037 1080 4085 ut
1095 4023 1226 4085 inferio-

194 4145 243 4187 res
258 4139 400 4202 naturas,
423 4122 486 4208 Op.
507 4122 703 4209 et'D.122:
732 4119 877 4186 disertius
898 4122 996 4185 etiam
1020 4122 1109 4186 Plato
1128 4124 1226 4209 Sym·

193 4223 259 4309 pos.
282 4245 315 4308 p.
329 4240 405 4310 327.
427 4224 573 4287 daemorur
593 4222 672 4288 fecit
693 4221 822 4287 nuntios
844 4235 879 4287 et
899 4223 1055 4288 ministros
1078 4223 1227 4289 deorum.
