2692 4770
156 325 217 394 79⁰
343 314 996 379 u.w.AN1MADv.1NrLUTnncH1

158 480 221 548 suit
236 474 387 547 eumdem
404 483 526 548 versum
549 483 696 548 Stobaeue
708 480 775 547 rit.
792 482 914 546 CXIX.
934 501 967 565 p.
983 482 1066 543 602:
1092 473 1186 540 vertit

158 583 291 649 Grotius
312 606 345 671 p.
359 604 422 671 493
437 608 445 649 z
469 583 608 671 reposuit
622 582 779 664 Clericus,
794 583 924 647 nomine
945 578 1115 644 Menandri
1138 577 1186 641 ei·

157 697 261 748 tutum
283 706 418 750 monens
438 707 459 749 n
480 683 650 750 Scholieste
671 683 790 747 Vetere
810 682 844 746 in
867 680 975 768 Odysl.
994 681 1035 745 Ο.
1058 681 1131 759 246.
1154 691 1188 742 et

155 785 321 863 Eustathio
336 785 413 850 ibid.
428 786 490 851 Ed.
506 789 599 851 Rom.
620 808 653 872 p.
672 785 766 867 1781,
782 803 821 851 νε
844 785 925 849 bene
940 781 1019 848 illud
1034 781 1184 867 quidem:

156 887 211 952 sed
232 886 320 975 quod
341 877 468 974 insuper
487 886 598 977 adjicit
618 908 736 951 nornen
760 885 937 951 Comoediae
960 887 1011 958 Δὶς
1032 888 1187 956 ἁπατῦντος

159 987 311 1072 (volebat,
325 1001 411 1054 certe
425 987 563 1054 debebat
576 987 709 1053 seribere
722 986 896 1068 ἀπατῶντος)
918 1008 938 1049 a
953 985 1080 1049 Stobaeo
1094 983 1188 1048 addi-

157 1102 228 1153 tum
247 1087 320 1168 eise,
335 1088 378 1152 est
390 1087 417 1152 is
433 1088 578 1169 Grotius,
594 1087 649 1174 qui
662 1088 717 1153 sua
735 1086 768 1151 in
791 1085 952 1172 Florilegii
972 1084 1112 1149 editione
1129 1106 1187 1169 ap·

154 1190 261 1279 posuit
278 1191 335 1254 Bis
343 1189 499 1277 fallente;
523 1213 597 1255 nam
611 1202 736 1255 creterae
750 1187 907 1253 editiones
922 1187 1007 1252 nude
1020 1184 1189 1249 Menandri

154 1314 272 1359 nomen
294 1292 426 1357 habent.
469 1292 575 1357 Exstat
592 1290 679 1356 idern
695 1290 798 1355 versus
819 1289 852 1354 in
877 1288 1084 1375 Inscriptione
1099 1287 1186 1374 apud

154 1395 332 1459 Gruterum
352 1416 385 1482 p.
400 1394 475 1459 688.
490 1400 531 1458 B:
548 1390 635 1480 quod
649 1405 684 1458 et
704 1391 738 1457 iu
760 1390 898 1458 Stoschii
921 1390 1045 1456 Musaeo
1064 1390 1187 1455 Critico

154 1495 230 1560 Vol.
249 1497 275 1559 l.
296 1518 329 1583 p.
345 1516 421 1581 311.
435 1509 469 1560 et
482 1513 558 1581 312.
574 1507 724 1560 notatum
743 1492 857 1581 reperi.
894 1492 1038 1558 Similem
1059 1493 1186 1556 senteu-

155 1595 234 1661 tiam
247 1597 304 1661 sub
319 1596 448 1662 nomine
463 1595 596 1684 Hypsaei
609 1595 733 1660 addidit
745 1595 880 1661 Grotius
896 1594 918 1659 l.
931 1617 961 1658 c.
975 1592 1046 1668 Νέος
1059 1595 1080 1655 δ’
1094 1591 1186 1656 dedn-

154 1699 232 1777 hu-i',
246 1697 321 1761 ὅντιν’
336 1696 370 1761 ἂν
383 1702 459 1781 φιλεῖ
470 1698 543 1773 θεός.
580 1700 663 1762 Haec
684 1697 726 1763 ab
748 1695 884 1762 Homeri
905 1695 996 1760 fonte
1013 1695 1186 1772 fluxerunt,

154 1818 252 1885 quem
267 1797 313 1864 ite
326 1798 368 1864 de
380 1799 578 1886 Amphiarao
592 1798 811 1885 pronunciasse
826 1797 935 1886 odyr.
947 1800 989 1864 Ο.
1004 1801 1078 1878 246.
1094 1797 1188 1882 supra

152 1899 289 1974 vidimus
304 1922 337 1987 p.
350 1902 471 1966 111.B.
493 1901 623 1989 Speunt
635 1900 749 1966 eodem
760 1900 848 1967 Dion
861 1899 975 1988 Chrys.
987 1901 1044 1965 Or.
1057 1900 1186 1963 XXIX.
1204 1993 1207 1997 Δ

152 2024 187 2092 p.
204 2020 278 2090 297.
293 2005 348 2068 D:
372 2007 436 2067 Οὐκ
449 2001 482 2068 ἂν
496 2003 540 2067 οὗν
557 2009 581 2067 oi
599 2004 656 2067 deul
670 2007 726 2079 τοῖς
740 2010 842 2067 tamer
858 2004 939 2068 παισὶ
956 2004 1003 2066 καὶ
1018 2000 1060 2076 οὓς
1074 2002 1187 2083 prima

153 2103 249 2187 ipim
263 2110 383 2192 ταχρῖᾳν
396 2105 524 2184 sensnm
538 2108 586 2185 τὴν
599 2109 738 2185 πλωτὴν,
754 2109 777 2168 el
789 2108 827 2188 μὴ
841 2108 951 2190 ἀγαθὸν
965 2109 1020 2179 τοῖς
1035 2103 1186 2192 ἀνθρώποις

132 2213 232 2285 reiro
247 2206 379 2277 ἦτῖθεντν.

168 2390 173 2408 ¹
198 2328 270 2395 1¹9.
285 2311 324 2372 E.
358 2307 656 2394 irrrertuypdros—iv
678 2311 799 2398 μοίραις]
835 2311 1016 2398 Vulgatuln
1046 2310 1186 2397 requirat

154 2409 371 2498 negationem,
396 2410 440 2474 est
460 2411 547 2491 enim
571 2412 802 2497 ἑπιτπννγμίνος,
823 2414 894 2479 bono
909 2415 1041 2502 succeffic
1063 2415 1185 2502 potitus.

151 2536 223 2584 inc.
242 2534 294 2600 ap.
314 2511 475 2577 Galenum
498 2517 574 2576 κατὰ
589 2512 652 2585 τότ,
669 2515 762 2580 VIII.
783 2515 837 2579 fin.
853 2515 931 2580 edit.
948 2515 1016 2580 llas.
1033 2517 1072 2580 T.
1090 2519 1134 2581 ll.
1151 2538 1184 2601 p.

153 2614 227 2687 288.
241 2634 297 2696 40.
320 2627 354 2678 et
371 2613 457 2681 alibi.
494 2614 627 2702 Origen.
653 2615 733 2680 Adv.
761 2617 890 2682 Celsum
914 2619 972 2682 lV.
998 2641 1032 2706 p.
1051 2621 1128 2703 564.
1146 2621 1184 2683 B.

151 2717 224 2790 Neo
238 2715 450 2799 ἐπεσπευσμένος
464 2716 634 2788 absurdunt
649 2718 710 2787 estz
735 2720 774 2783 stc
791 2719 881 2784 Philo
894 2720 971 2785 Jud.
987 2744 1019 2807 p.
1035 2725 1128 2785 1106.
1146 2724 1184 2786 B.

152 2822 357 2909 Quamquam
372 2820 445 2884 satis
464 2821 720 2908 conjediurarum
736 2822 767 2887 in
784 2823 1054 2889 Emendationum
1069 2827 1185 2890 Anno-

151 2923 273 2989 tatione
295 2924 426 3008 posuisse
446 2925 621 3005 videamur,
647 2950 711 2993 non
738 2943 844 2992 tamen
868 2927 1000 2993 reticere
1024 2929 1185 3014 polliinrus

151 3026 245 3092 aliam
270 3050 341 3112 quae
365 3028 471 3112 postea
493 3029 584 3092 nobis
607 3030 638 3093 in
665 3045 806 3095 mentem
835 3032 920 3096 venit
947 3033 1184 3117 ἐπειγόμενος-ὲν

148 3131 257 3219 μοίραις
279 3132 330 3196 vel
350 3133 413 3198 fine
428 3137 465 3212 h,
481 3134 567 3220 quod
581 3149 617 3199 et
629 3135 732 3198 omifit
748 3135 959 3200 Jnnnotianus
981 3137 1071 3201 liber.
1108 3140 1141 3202 H
1145 3163 1183 3202 n-

144 3233 287 3323 jusmodi
302 3222 400 3300 didio
412 3258 485 3300 cum
500 3236 588 3306 sensu
603 3236 697 3322 hujus
712 3236 787 3317 loci,
799 3252 833 3301 et
846 3237 996 3324 loquendi
1011 3240 1182 3304 consuetu·

150 3336 226 3402 dine
252 3336 414 3424 congruit.
460 3336 513 3401 Sic
536 3360 565 3399 v.
581 3358 611 3400 c.
637 3336 777 3402 l'alladas
800 3338 980 3424 Antlrolog.
1009 3341 1070 3403 lll.
1090 3343 1122 3403 6.
1148 3362 1181 3425 p.

150 3440 230 3522 306:
247 3437 363 3512 Γέσσιος
377 3441 406 3500 οὐ
419 3436 546 3514 τέθνηκεν
560 3438 726 3523 ἐπειγόμενος
738 3444 813 3525 παρὰ
825 3437 928 3524 μοίρης·
952 3442 1040 3515 Αὐτὸς
1056 3445 1103 3517 τὴν
1117 3446 1182 3523 μοῖ-

151 3566 201 3627 ραν
214 3537 368 3627 epitasin
382 3542 418 3614 εἰς
431 3539 517 3616 ἀΐδην.
555 3541 626 3602 Nec
642 3540 780 3604 multum
796 3540 902 3604 differt
916 3540 995 3605 illud
1013 3543 1184 3627 Sophoclis

151 3643 184 3705 in
207 3630 331 3706 Teuero
357 3641 442 3726 apud
467 3640 559 3705 Stob.
583 3640 649 3713 Tit.
674 3642 815 3707 CXXII.
838 3665 872 3729 p.
888 3645 962 3727 613.
982 3646 1032 3708 A:
1063 3646 1182 3709 Θανόνη

150 3741 227 3828 κείνῳ
240 3748 378 3806 unriurein
392 3745 420 3825 μ’
437 3740 499 3828 ἔρως
514 3741 585 3828 ἔχει.
619 3743 664 3808 B:
683 3740 790 3821 Ἥέενς·
814 3744 909 3827 ἐπάγν
922 3747 1003 3824 μηδὲν
1018 3751 1054 3819 εἰς
1068 3749 1098 3809 τὸ
1112 3746 1181 3833 μόρ-

149 3873 241 3928 σιμον.
278 3846 332 3911 Ad
345 3847 493 3911 eamdem
514 3846 703 3912 sententium
727 3849 866 3934 pertinet
882 3849 1002 3914 ditium
1019 3849 1135 3934 OEdipi
1151 3851 1181 3914 in

151 3948 277 4014 Colono
287 3947 354 4033 jam
371 3947 516 4011 morituri
533 3967 625 4031 1540.
638 3949 781 4034 -ἔπεὶγεν
797 3951 854 4034 γάρ
873 3952 1056 4031 perirrheusa
1076 3952 1180 4038 παρόν.

149 4053 236 4117 Dion
253 4051 365 4139 Chrys.
381 4052 439 4116 Or.
456 4051 500 4114 ll.
519 4072 552 4136 p.
563 4070 616 4135 35.
632 4052 664 4115 D
677 4077 684 4115 τ
709 4055 755 4116 ieie
770 4055 795 4115 li
808 4054 839 4114 τὸ
854 4059 900 4129 τῆς
914 4052 1074 4138 εἱμαρμένης
1088 4059 1181 4138 dray-

149 4159 226 4219 καῖον
244 4154 336 4240 ἐπάγῃ
356 4154 406 4240 πρὸ
426 4160 474 4216 τεῦ
488 4154 632 4238 γήρως-.
663 4153 846 4217 Eustatlrlus
861 4154 901 4217 ad
918 4155 956 4217 ll.
971 4160 1009 4218 Ψ.
1027 4158 1111 4240 623:
1135 4157 1179 4233 ἤδη

147 4263 205 4361 γὰρ
223 4258 353 4344 χαλεπὸν
372 4260 447 4320 κατὰ
465 4260 553 4341 γῆρας
574 4254 683 4342 ἐπείγει.
721 4279 755 4342 p.
775 4275 875 4343 1320:
901 4259 1023 4341 εὐφήμως
1045 4258 1091 4339 καὶ
1113 4260 1177 4323 αὐτὸ
