2692 4770
160 324 222 401 ομ
351 324 449 384 nw.
470 323 678 385 nummu.
699 323 747 385 ru
765 319 999 384 rurrrncrn

160 484 306 574 sophiam
325 487 377 553 vel
395 488 570 569 inventam,
589 487 642 554 'vel
661 488 790 554 audam
808 484 953 552 dourina
964 477 1193 567 Μῶφι

159 608 201 654 ax
222 587 325 654 tribue
353 588 564 677 Philosophia
584 589 728 676 partibus
754 588 909 676 postrema
932 581 1068 663 acoeffit,
1091 581 1192 668 confi-

160 687 249 753 tandi
261 688 401 753 officium
416 702 485 754 erat
499 688 533 753 in
552 689 664 776 primis
681 702 849 776 poetarum
863 708 939 751 cum
953 682 1192 771 Elegiaoomfflr

160 793 232 855 tum
252 787 546 876 Ly'rioorum,tum
565 789 701 855 aliorum
722 788 839 855 etiamr
863 787 1057 872 hrcnmtquo
1078 781 1114 849 iu
1135 779 1193 847 illo

159 911 279 978 genero
297 903 333 955 ct
347 889 537 956 Archilochi
552 890 713 978 quaedam,
726 889 897 977 dequibus
911 884 1137 952 annotavimus
1149 879 1193 949 ad

159 1009 263 1078 pag.
284 995 327 1058 Α.
342 993 380 1058 Β.
395 1006 431 1058 et
447 992 566 1079 33.Br
597 991 721 1059 Pindari
741 997 853 1079 spire:
875 989 1012 1056 aliorum
1033 985 1109 1066 alia,
1131 1006 1196 1051 cu·

154 1091 298 1183 jusmodi
310 1092 409 1160 habet
422 1093 570 1164 Stohoeru
588 1091 749 1180 liorilcgii
758 1090 871 1158 'litulo
885 1089 1046 1157 CXXlll.
1060 1085 1115 1153 cui
1130 1106 1194 1149 uo·

159 1214 234 1260 men
255 1195 300 1261 est
319 1199 519 1284 Itqryrpud,
536 1194 572 1261 id
588 1195 644 1274 cli,
660 1191 873 1282 consolatoria.
898 1192 980 1258 Mox
992 1189 1106 1255 soluta
1117 1207 1193 1253 ora·

159 1295 438 1383 tionia'icriptorea
458 1296 493 1362 in
512 1296 655 1363 muneris
668 1296 852 1364 societatem
865 1293 1073 1372 accofferunt,
1092 1289 1195 1379 idque

158 1397 290 1466 taudem
317 1413 355 1464 nt
381 1400 547 1487 proprium
571 1400 793 1467 obtinuerunt.
836 1399 880 1464 Et
898 1418 982 1484 quoa
1000 1393 1136 1483 quidum
1157 1391 1193 1459 in

158 1499 222 1567 hoc
244 1521 380 1567 numeru
399 1501 584 1568 censeamus
607 1522 809 1588 quorumque
831 1498 980 1567 notitiam
1003 1496 1194 1575 urbemn,

157 1600 197 1667 hi
206 1599 274 1667 scre
286 1601 371 1667 sunt.
403 1600 594 1682 Alcidamas,
608 1602 728 1689 dequo
743 1602 858 1668 Cicero
870 1599 966 1668 Tuso.
982 1599 1011 1666 l.
1024 1597 1080 1680 48.
1093 1597 1195 1663 rhetor

157 1701 299 1790 antiquus
313 1701 346 1766 in
363 1703 469 1792 priris
481 1703 604 1783 nubilis,
617 1703 738 1792 scripstt
756 1703 844 1768 ettae
860 1701 1081 1768 Iandudum
1098 1698 1194 1765 Mor·

157 1804 208 1886 tis,
229 1828 299 1892 pua
321 1803 429 1892 coastat
450 1830 488 1872 ea·
510 1806 726 1871 muneratione
743 1806 940 1870 huntam
959 1802 1123 1869 mtrem:
1145 1801 1197 1867 cai

157 1905 285 1970 rationes
305 1931 358 1985 ια,
382 1929 452 1993 qua
468 1905 636 1994 upufitias
650 1930 672 1969 o
685 1903 863 1995 pbilosophis
877 1901 1071 1990 colliguntur,
1085 1899 1196 1988 drsru·

156 2020 239 2087 runt,
260 2007 381 2073 ubertas
402 2009 542 2074 orationis
561 2032 619 2072 non
635 2007 751 2096 defait.-
773 2006 830 2094 qui
843 2003 913 2093 ejua'
926 2004 1129 2071 mentionem
1142 2003 1195 2070 fe·

156 2121 284 2187 cerunt,
299 2108 352 2173 alii
367 2107 504 2196 Antiqui
516 2123 736 2174 memorantur
749 2108 791 2173 nb
802 2109 835 2175 J.
845 2105 971 2174 Davitio
983 2103 1026 2172 ad
1039 2104 1129 2171 hunc
1141 2103 1195 2171 ln-

155 2230 245 2275 cum.
281 2209 456 2297 Antiphon.-
478 2208 572 2297 cujus
585 2209 648 2275 luit
669 2209 750 2275 liber
769 2207 939 2296 inscriptus
957 2205 1044 2294 τέχνη
1057 2206 1196 2287 lucrm,

156 2322 191 2376 et
202 2308 298 2398 hnjur
312 2311 388 2376 artis
402 2311 548 2377 officina:
572 2311 648 2375 teste
667 2307 981 2376 Pseudo-Plutarcho
998 2307 1032 2373 iu
1045 2306 1133 2373 Vitia
1146 2309 1194 2375 X.

157 2411 330 2479 oratorum
352 2432 386 2499 p.
405 2412 480 2498 833·
497 2412 538 2478 C.
561 2411 661 2476 fimile
684 2410 764 2498 quid
786 2409 981 2498 fignificante
1005 2407 1195 2475 Philostrato

155 2512 189 2580 iu
203 2512 288 2580 Vuis
302 2512 440 2600 Sophiti.
458 2514 486 2577 l.
500 2528 551 2599 15.
562 2532 595 2598 3.
619 2512 804 2577 Democritus
818 2510 851 2575 in
866 2509 950 2577 libro
963 2511 1033 2597 ampl
1047 2509 1194 2592 ὠθυμῐας.

154 2618 350 2706 Hipparchus
377 2617 621 2706 Pythagoricus,
646 2639 686 2682 cx
709 2616 803 2704 cnjus
825 2615 943 2703 scripto
966 2615 1034 2702 crept
1060 2616 1195 2698 εὐθυμίας

155 2718 347 2804 particulam
369 2719 500 2787 servavit
521 2719 670 2786 Stobaeus
695 2717 846 2805 florileg.
870 2717 1082 2783 Serm.cv1.
1104 2717 1195 2784 unde

155 2820 344 2887 Plutarchus
374 2822 523 2908 quodam
552 2821 585 2886 in
619 2821 705 2886 hanc
732 2821 899 2908 Apollonii
931 2821 1195 2889 Consolatioucm

154 2920 338 2988 transtuliffc
352 2921 488 2988 videtur.
517 2923 661 2988 Prodicus
675 2922 945 2988 declamationem
960 2922 1075 2988 habuit
1088 2922 1130 2988 de
1144 2923 1194 2988 vi-

153 3036 197 3087 tae
218 3021 466 3101 calamitatibus,
490 3024 565 3088 telle
587 3024 740 3111 scriptore
758 3023 911 3104 Aniochi,
935 3025 991 3112 qui
1010 3023 1110 3112 vulgo
1127 3026 1194 3090 AE·

153 3122 270 3189 schinia
292 3123 422 3187 nomine
444 3124 556 3204 fertur,
577 3123 652 3190 inde
670 3125 756 3190 idem
771 3137 1001 3211 argumentum
1017 3125 1137 3211 repetit
1158 3125 1194 3214 §.

155 3242 186 3310 7.
223 3225 420 3290 Antimachus
442 3240 549 3311 poeta,
563 3227 619 3313 qui
639 3226 673 3291 in
696 3224 809 3312 Elegia
822 3225 907 3311 Lyde
925 3227 956 3291 fo
971 3226 1037 3312 ipse
1051 3227 1083 3290 in
1099 3227 1197 3293 obitu

154 3325 261 3392 uxoris
283 3325 383 3416 Lydae
407 3326 588 3392 consolatus
612 3328 665 3407 en,
690 3341 728 3393 ut
750 3327 784 3391 in
803 3326 868 3391 hoc
890 3327 974 3392 libro
993 3327 1060 3414 ipse
1083 3328 1197 3414 prodit

155 3431 346 3498 Plutarchus
372 3453 406 3518 p.
425 3431 497 3496 106.
520 3433 559 3495 E.
603 3432 694 3496 Picto
716 3431 748 3494 in
774 3429 946 3510 Phtedone,
968 3429 1137 3518 Aristoteles
1160 3432 1196 3499 iu

154 3531 314 3612 Eudemo,
328 3532 369 3598 ad
383 3533 446 3598 hoc
459 3555 563 3620 genus
576 3532 752 3619 pertinent.
789 3533 971 3598 Xenocrates
991 3534 1059 3619 oapi
1079 3535 1196 3601 &ardre

153 3647 351 3700 memoratur
372 3633 515 3721 Diogeni
537 3634 667 3700 laertio
691 3637 748 3700 lV.
767 3654 818 3702 12.
839 3635 1063 3721 aquibusdam
1078 3659 1196 3702 recen·

151 3735 272 3800 tiorum
285 3733 371 3799 idem
386 3735 528 3815 habitus,
548 3734 604 3822 qui
617 3735 780 3803 AEschinis
799 3735 981 3802 Aniochus.
1019 3737 1196 3824 Theophra·

140 3839 209 3927 stus
223 3839 257 3905 in
271 3838 353 3906 libro
367 3837 583 3917 Καλλιθέηςῆ
600 3840 670 3928 orgi
689 3837 809 3918 σε’νθες,
832 3837 952 3926 dequo
968 3837 1084 3904 Cicero
1096 3841 1197 3907 Tusc.

152 3944 216 4009 Ill.
230 3962 281 4008 10.
296 3942 381 4028 V.9.
396 3955 429 4006 et
442 3941 508 4007 alii.
540 3941 681 4020 Crantor,
696 3963 781 4006 unns
796 3939 943 4005 omnium
958 3939 1109 4006 hocloco
1126 3955 1195 4008 tra·

151 4043 268 4112 &ando
281 4042 323 4111 ad
336 4044 549 4133 posteritatem
562 4043 756 4123 celebratus,
774 4064 794 4108 a
812 4041 905 4132 cujus
926 4043 1009 4109 libro
1027 4044 1068 4109 de
1085 4045 1197 4111 Luttu

150 4162 186 4213 ct
208 4147 323 4214 Cicero
346 4145 457 4212 multia
477 4147 634 4234 partibus,
655 4160 690 4212 et
707 4159 797 4211 totus
820 4157 909 4210 certo
932 4146 1136 4228 Plutarchus,
1159 4149 1193 4215 in

150 4251 215 4316 hoc
229 4260 422 4337 argumento
434 4247 588 4336 pendent.
626 4247 770 4336 Hegcfias
784 4247 987 4326 cardimus
998 4247 1128 4334 dictus,
1151 4249 1194 4316 do
