2692 4770
297 284 499 349 APOPHTH.
514 286 737 348 LACONICA.
754 288 1041 364 p.2s4.F-2ss.n.
1110 295 1187 365 1197

153 448 361 516 Demostheni
389 450 448 516 Or.
475 450 559 517 Adv.
586 449 771 516 Aristocrat.
795 473 829 538 p.
843 451 919 534 458.
940 450 981 515 C.
1018 450 1076 517 or.
1100 448 1200 523 Adv.

154 549 379 619 Phormionem
400 553 583 638 585—590.
620 552 754 619 Disium
777 553 840 619 hoc
859 554 922 619 sine
942 551 1112 639 lampidis-
1125 575 1186 618 no·

152 652 241 717 mine
258 653 392 740 apponit
406 653 522 719 Cicero
534 655 629 720 Tusc.
640 657 684 720 V.
703 675 759 737 ¹4²
781 655 954 720 —Laconir
976 652 1059 720 illud
1077 653 1188 719 dicium

151 756 185 820 ιὀι
198 759 249 822 bos
265 759 369 822 eodm
382 759 544 823 videatur:
567 759 618 846 qui
632 758 781 847 glorianti
795 758 913 823 cuidam
931 756 1095 834 mercatori,
1110 755 1191 844 quod

151 858 263 927 multas
283 884 378 925 novas
400 860 433 924 in
453 885 562 925 omnem
585 884 667 927 oram
688 859 874 925 maritimam
888 859 1046 948 dimiſsffet,
1077 863 1103 899 “
1119 857 1190 925 Non

142 962 262 1046 '“sane
286 961 424 1048 optabilis
449 962 566 1048 quidem
589 961 656 1048 illo,
682 962 793 1050 inquit,
820 961 995 1026 rudentibus
1021 970 1096 1047 apta
1111 959 1188 1045 sor·

152 1068 179 1102 “
195 1065 308 1129 ιονιο.”
345 1064 383 1128 ln
406 1064 523 1128 eodem
546 1081 738 1152 argumento
760 1063 968 1130 navicularios
991 1061 1102 1128 laudat
1122 1062 1190 1131 Dio

152 1162 270 1253 Chrys.
294 1164 353 1229 Or.
378 1166 500 1231 LXIV.
522 1189 556 1255 p.
572 1181 648 1252 594.
670 1167 722 1232 D:
749 1167 807 1230 olii
830 1170 889 1253 γοὶμ
911 1164 992 1252 wlrlp
1012 1168 1061 1243 τὴν
1078 1165 1188 1250 ψυχὴν,

151 1264 213 1331 οὔτε
237 1264 350 1353 qenins
373 1267 558 1354 ἐπιτρέπωσιν,
587 1267 648 1332 οὔτε
674 1268 855 1355 τριδάκτυλον
880 1269 978 1342 αὐτοὺς
1001 1265 1082 1349 οοίζει
1105 1265 1190 1344 ξύλον

150 1368 292 1434 πεύκινον·
317 1372 384 1434 ἄλλ’
398 1368 550 1456 luitfredus
569 1364 674 1458 βιὸοιίέο
687 1372 709 1457 ’i
722 1370 843 1457 μεγάλῳ
862 1370 1035 1458 πράγματι,
1049 1374 1085 1455 τῇ
1100 1370 1188 1456 τύχῃ.

153 1470 192 1535 ln
208 1470 313 1535 nostro
326 1467 401 1534 loco
415 1470 532 1536 reciius
547 1471 626 1536 dant
638 1472 843 1546 σλνσιὸντατος
861 1473 895 1539 J.
909 1472 1027 1538 Venet.
1043 1469 1137 1535 Harl.

197 1588 271 1654 234.
289 1570 325 1633 F.
346 1567 422 1655 μς’.]
449 1570 526 1634 Huc
548 1570 709 1658 pertinent
728 1569 814 1637 dista
831 1560 987 1658 Lysandri
1003 1591 1038 1657 p.
1054 1587 1128 1657 229.
1144 1569 1189 1652 A,

152 1671 192 1736 B.
222 1668 408 1736 Cleomenis
424 1689 498 1755 223.
515 1671 554 1736 Β.

198 1791 272 1857 234.
289 1773 325 1836 F.
346 1770 427 1856 μζ’.]
454 1771 613 1836 Proverbii
627 1771 765 1839 sormam
784 1772 895 1853 habet,
909 1771 1006 1839 Ἔνδον
1018 1773 1046 1837 τὶ
1061 1771 1126 1851 τινος
1141 1774 1191 1838 δεῖ.

154 1872 207 1944 Sic
223 1874 267 1937 est
288 1872 321 1937 iu
342 1871 463 1938 Fabula
475 1873 628 1959 AEsopica
640 1875 703 1938 xl.
719 1873 760 1939 de
773 1874 882 1961 Vulpe
900 1874 1017 1939 larvam
1032 1874 1192 1941 trastanto

153 1990 188 2044 et
209 1977 378 2042 cerebrum
400 1974 471 2063 ejus
492 1976 706 2043 defiderante:
730 1999 827 2064 quam
849 1976 1003 2064 significat
1023 1975 1192 2063 Episietus

153 2078 233 2145 Diff.
250 2079 310 2144 ΙΙΙ.
328 2097 381 2145 22.
404 2099 437 2165 p.
451 2094 538 2162 472:
563 2079 633 2160 ζήτει
652 2084 692 2142 τοὶ
711 2078 827 2144 παιδίον·
850 2078 958 2154 ἰκτίνοις
975 2081 1015 2141 τοὶ
1032 2083 1193 2166 sperastis

154 2178 256 2268 posspl
270 2183 336 2254 i5o·
360 2177 418 2265 ἐγὼ
439 2180 467 2242 δὲ
485 2178 545 2242 οἶδα
564 2177 604 2242 ὅτι
620 2178 754 2267 &pirinei
775 2183 842 2261 i51r,
862 2179 964 2243 ἔσωθεν
980 2179 1007 2244 δῖ
1028 2180 1100 2244 οὐδὲν
1118 2178 1191 2268 ἔχει.

153 2284 185 2350 J.
201 2281 383 2369 exquisitius
398 2280 475 2346 dat:
498 2284 544 2359 Νὴ
558 2280 599 2345 τι)
610 2282 683 2361 Essa·
699 2281 816 2370 dequo
831 2282 989 2348 Meursrus
1003 2281 1099 2349 Misc.
1111 2284 1191 2348 Lac.

156 2383 203 2449 11.
219 2384 251 2448 8.
279 2382 513 2450 Valckenarius
527 2382 568 2447 ad
581 2383 746 2449 lireocrit.
762 2405 797 2471 p.
812 2384 887 2452 286.

196 2491 231 2576 p.
247 2504 322 2573 235.
337 2489 381 2550 A.
401 2483 478 2569 μη’.]
504 2485 713 2572 Epigramma
731 2487 828 2552 exstat
849 2485 882 2551 in
903 2485 1107 2575 Anthologia
1126 2487 1192 2554 Ill.

153 2608 188 2677 5.
213 2608 266 2654 11.
291 2587 349 2653 sub
374 2585 505 2652 nomine
527 2586 746 2653 Dioscoridis:
783 2587 817 2653 in
842 2587 1009 2655 Analestis
1036 2588 1193 2656 Brunckii

152 2691 196 2758 T.
213 2692 242 2755 l.
255 2711 290 2778 p.
305 2707 382 2774 502.
888 2717 890 2722 ·

198 2811 273 2879 235.
290 2792 334 2857 A.
355 2789 436 2875 μθῖ]
458 2789 607 2877 Spartani
621 2789 687 2855 sere
701 2789 835 2877 squalidi
849 2789 1022 2878 degebant,
1044 2802 1104 2858 aut
1121 2790 1192 2859 bal·

155 2895 225 2966 neis
243 2894 331 2961 siccis
349 2893 541 2960 utebantur:
565 2906 603 2957 ut
617 2890 809 2979 persuadent
824 2891 961 2980 Cragius
976 2895 1058 2981 Rep.
1074 2891 1193 2961 Laced.

156 2995 221 3071 111.
236 2999 268 3062 6.
280 3015 314 3082 5.
329 3018 363 3084 p.
376 3011 450 3081 257.
465 3009 500 3062 et
513 2995 671 3060 Meursius
686 2992 825 3060 Miscell.
840 2996 963 3060 Lacon.
978 2994 1024 3061 ll.
1039 2994 1089 3062 18.
1124 2994 1192 3083 lgi-

155 3113 211 3169 tur
228 3101 316 3165 Laco
337 3097 472 3167 miratus
493 3119 608 3183 aquam
624 3095 746 3161 assundi
759 3096 931 3177 Alcibiadi,
948 3096 1053 3185 inquit
1066 3096 1107 3163 ad
1122 3097 1213 3164 bal·¹
1243 3133 1248 3142 =

156 3215 322 3275 nestorem
348 3221 425 3265 eum
451 3211 508 3264 aut
532 3197 669 3264 nimium
694 3212 751 3264 aut
776 3219 888 3286 parum
911 3198 1085 3279 offundere,
1111 3198 1198 3286 Quid

155 3303 238 3372 hoc?
266 3303 428 3368 aimundo
451 3301 575 3367 multam
599 3300 749 3388 «fiendis,
772 3314 807 3365 ut
816 3301 942 3391 strrdido
960 3299 1031 3389 plus
1055 3299 1194 3389 afflando.

158 3404 353 3474 Harleianus
366 3405 468 3471 codex
484 3404 643 3470 consentit
662 3403 694 3469 in
713 3405 926 3492 aspexissem,
944 3402 1001 3470 dat
1021 3407 1123 3470 πλοῖον
1136 3425 1199 3492 pro
1309 3422 1321 3445 ·

156 3510 288 3588 σλὸςιι,
312 3506 436 3572 omittit
456 3505 663 3593 negationem
687 3509 736 3571 οὖν
770 3505 855 3571 unde
878 3504 982 3573 oratio
1007 3506 1047 3575 sic
1068 3506 1195 3574 restitu-

156 3608 241 3684 enda
266 3609 394 3675 videtur
415 3606 488 3673 -τί
508 3614 608 3689 roim
638 3610 674 3684 ὥς
696 3611 814 3696 καθορῷ
836 3605 953 3696 σφόδρα,
975 3609 1011 3684 οὖς
1034 3609 1062 3674 li
1083 3613 1198 3698 ῥυπαρῷ

156 3709 415 3800 σλοῖονοτονοάχει.

202 3828 277 3899 235.
293 3813 337 3880 A.
360 3812 409 3899 ν’.]
432 3814 553 3879 Totum
568 3812 633 3878 hoc
651 3810 736 3877 abest
754 3802 902 3876 in'Harl.
935 3811 983 3878 At
998 3811 1127 3881 audine
1138 3835 1196 3879 ex·

158 3913 274 3984 hibent
298 3913 333 3978 in
358 3912 518 4002 principio
542 3915 575 3981 J.
601 3925 634 3979 et
658 3913 777 3979 Venet.
803 3909 935 3977 Φιλίττιι
961 3920 1009 3980 τοῦ
1038 3914 1197 3990 Μακεδόνος

158 4016 390 4106 προστάττοντος
412 4018 482 4082 δεινοὶ
511 4017 556 4099 (J.
577 4016 653 4096 τινα)
680 4016 713 4078 δι’
736 4016 873 4094 latratis,
896 4014 1090 4104 ἀντέγραψαν·
1121 4023 1147 4058 “
1158 4020 1199 4084 Ol

161 4126 185 4165 “
199 4116 410 4202 Λακεδαιμόνιοι
423 4115 570 4205 Φιλὶττφ.
605 4117 677 4206 Περὶ
698 4113 734 4182 οἶν
754 4113 843 4199 ἄμμιν
864 4115 1006 4202 ὄγραψος,
1027 4115 1102 4183 Ori·”
1124 4115 1197 4185 “Ora

162 4221 190 4300 li
211 4218 337 4294 isidam
357 4225 393 4296 sir
411 4224 460 4299 rip
480 4220 644 4298 Λοιιοννινιήν
657 4232 770 4290 mm.
808 4217 949 4285 Pertinet
970 4219 1033 4287 hoc
1053 4217 1199 4300 adalind
