2692 4770
120 432 1112 489 m

138 689 477 860 DANIELIS
519 760 1098 859 WYTTENBACHII

316 1020 924 1108 ANIMADVERSIONES

603 1277 645 1321 IN

248 1486 661 1584 PLUTARCHI
710 1480 1003 1583 LIBRUM·

368 1762 437 1827 ou
469 1710 882 1827 surunsrmonn.

488 2016 756 2060 -o-——e

112 2210 269 2326 LIBER
290 2281 360 2324 vere
380 2256 598 2339 Plutarebeue,
612 2254 755 2347 quamvis
768 2256 937 2325 Veteribus
951 2280 1017 2325 non
1029 2256 1143 2326 diserte

115 2373 323 2426 memoratus.
358 2360 555 2425 Sententiam
577 2359 650 2425 inde
668 2359 805 2424 sumtum
823 2381 857 2447 p.
874 2361 945 2444 167.
961 2361 1004 2425 A.
1022 2358 1142 2452 retulee

115 2470 191 2528 runt
206 2465 240 2526 S.
252 2463 416 2526 Maximus
429 2484 463 2548 p.
477 2466 552 2548 906.
567 2476 601 2527 et
614 2465 667 2528 Jo.
680 2463 899 2528 Damascenua
912 2465 987 2528 MS.
1002 2464 1145 2551 appofito

117 2564 288 2644 Plutarchi,
310 2588 374 2629 non
394 2566 473 2629 item
493 2565 576 2643 libri,
592 2565 734 2629 nomine.
770 2567 817 2629 At
830 2565 894 2651 ipse
908 2566 940 2630 se
954 2565 1145 2633 nominatim

116 2667 313 2731 Plutarchum
335 2666 503 2752 profitetur
521 2665 653 2751 scriptor
673 2687 706 2751 p.
724 2684 795 2749 170.
810 2666 862 2728 A:
886 2664 973 2753 quod
987 2664 1043 2729 nifi
1058 2664 1145 2732 facee

116 2783 177 2846 ret,
204 2783 312 2844 tamen
344 2768 445 2831 forma
471 2780 505 2830 et
530 2766 633 2831 oratio
661 2765 764 2852 ipsum
792 2766 954 2832 manifesto
981 2767 1146 2832 auetorem

117 2869 284 2956 prodebat.
320 2869 407 2932 Nam
421 2865 512 2953 >quod
533 2865 565 2931 in
588 2866 747 2954 Lampriae
771 2859 929 2954 Catalogo
950 2867 1053 2932 Num.
1076 2867 1145 2932 CL.

117 2971 224 3036 editur
245 2969 358 3034 titulus
378 2971 446 3054 περὶ
467 2967 672 3051 δεισιδαιμονίας
692 2971 758 3056 πρὸς
776 2968 939 3058 'uetusque
955 2983 993 3033 ut
1007 2990 1155 3057 apogra-¹

119 3072 220 3158 phum
242 3072 404 3135 Venetum
428 3092 554 3155 quoque
573 3069 682 3148 habet,
702 3070 773 3135 sane
793 3069 874 3135 istud
892 3073 965 3158 πρὸς
985 3069 1149 3158 Ἐπίκουροι

116 3171 238 3258 aliquid
260 3169 468 3234 dubitationis
496 3182 622 3233 movet:
653 3169 752 3255 quod,
781 3170 801 3234 fi
827 3190 937 3235 verum
959 3170 1147 3257 metumque

118 3276 173 3353 est,
188 3272 285 3336 alium
300 3268 472 3357 quemdam
485 3271 645 3357 perditum
660 3271 775 3336 librum
791 3272 955 3359 fignificat,
967 3293 1032 3336 non
1046 3271 1147 3356 huno,

121 3398 216 3462 quem
232 3373 363 3437 nuncin
380 3373 528 3436 manibus
549 3372 725 3453 habemus;
748 3372 867 3460 quippe
882 3373 937 3459 qui
951 3395 1016 3437 non
1037 3387 1150 3441 contra

120 3480 294 3566 Epicurum
317 3477 450 3563 scriptus
472 3477 530 3540 est:
555 3476 597 3540 fin
619 3476 707 3543 hunc
729 3477 832 3564 ipsum
851 3478 968 3543 librum
984 3478 1149 3566 fignificat,

120 3581 196 3644 falso
222 3580 367 3645 additum
392 3581 508 3645 censeri
532 3581 638 3646 debet.
685 3584 732 3646 At
755 3582 942 3668 neutiquam
967 3582 1149 3670 negaverim

123 3683 283 3746 Plutarchi
297 3682 435 3768 aliquem
449 3682 592 3746 exstitisse
605 3682 734 3761 librum,
750 3706 815 3769 quo
830 3684 933 3753 cautla
946 3684 1150 3767 δεισιδαιμονίας

120 3785 263 3848 adversus
280 3785 453 3870 Epicurum
469 3783 708 3848 defenderetur:
730 3783 907 3871 cujusmodi
922 3786 1057 3850 cauliam
1072 3786 1149 3851 atti·

119 3885 169 3970 git
183 3885 214 3948 in
230 3885 322 3963 libro,
339 3884 392 3948 cui
405 3907 521 3948 nomen
535 3885 577 3948 est
590 3883 658 3946 Non
665 3886 807 3970 suaviter
820 3885 1057 3971 vivisecundum
1070 3888 1150 3974 Epi·-

121 4011 222 4049 curum
243 4007 274 4070 p.
294 4004 385 4048 1101.
403 3986 441 4050 B.
459 3986 545 4071 sequ.
561 3984 616 4048 ubi
631 3985 728 4049 etiam
744 3984 883 4050 scholam
898 4008 917 4050 a
930 3987 960 4051 se
975 4008 1077 4072 nuper
1091 3987 1149 4051 ha-

122 4089 221 4154 bitam
241 4089 319 4153 dicit
338 4088 481 4153 adversus
499 4111 566 4167 eos,
581 4088 637 4174 qui
652 4087 884 4153 contenderent
907 4088 1036 4175 Epicuri
1051 4089 1150 4154 ratio·

10 4251 13 4262 .
123 4214 196 4256 nem
214 4193 285 4277 plus
298 4193 400 4258 valere
420 4192 540 4259 ratione
563 4192 703 4257 Platonis
724 4191 765 4258 ad
786 4208 923 4258 mortem
942 4192 1034 4257 facile
1054 4217 1091 4259 ao
1110 4194 1152 4273 li·

167 4314 254 4359 voa.
272 4315 325 4360 vr.
623 4314 642 4380 3
658 4315 674 4358 s
