2692 4770
224 272 308 352 rooo'
367 351 369 354 ,
410 290 449 350 n.
462 290 516 351 w.
535 291 743 353 lunanum
763 291 811 352 m
832 290 1062 352 rnurnncnr

215 451 291 516 iun.
309 451 404 518 Alex.
424 475 456 541 p.
472 474 548 541 331.
563 457 602 520 Ε.
639 455 742 542 Ipsam
766 454 849 521 hanc
869 476 935 520 rem
958 453 1110 544 fignificat
1132 453 1253 519 Eusta-

218 551 306 618 thius
326 553 350 618 l.
364 576 395 619 c.

260 676 295 741 p.
312 655 384 720 180.
398 653 441 719 A.
463 653 500 734 η’.
519 658 571 720 Ἑν
587 657 614 720 u
632 658 668 743 τῇ
687 658 861 745 Malim-J
888 655 1033 743 Antiqua
1046 655 1249 722 Milefiorum

215 755 314 823 virtus
328 757 397 846 jam
422 757 545 824 dudum
569 758 740 841 defecerat,
763 775 797 825 et
818 759 1018 845 proverbium
1040 772 1119 838 erat,
1141 759 1249 840 Πάλιν

214 859 283 922 vrr'
307 857 375 937 ἦσαν
402 857 517 943 ἄλκιμον
544 860 690 940 Μιλήσιοι,
716 860 917 946 Aristophani
946 858 1127 924 adhibitum
1156 858 1246 924 Plut.

217 978 311 1046 1003.
333 959 462 1048 ejusque
483 961 666 1027 Scholiasta
687 960 781 1026 docte
801 961 988 1048 expolitum,
1015 959 1179 1025 Athenaeo
1205 982 1247 1026 ex

211 1060 380 1127 Aristotele
394 1064 472 1127 Xll.
488 1084 520 1148 p.
529 1079 605 1149 523.
619 1065 658 1129 F:
683 1062 827 1128 Zenobio
840 1064 883 1129 V·
896 1063 948 1127 80.
963 1060 1070 1147 ibique
1084 1061 1242 1127 Schott0=

212 1161 392 1229 adhibitum
407 1163 551 1229 AEschini
565 1163 620 1253 qui
634 1163 763 1244 dicitur,
777 1163 873 1249 Epist.
888 1165 931 1228 X.
955 1185 986 1248 p.
1005 1162 1076 1227 128.
1090 1162 1134 1226 A.
1152 1226 1153 1230 ,
1168 1162 1241 1226 Μι·

210 1262 299 1327 lefiou
325 1264 529 1353 gymnasticae
553 1263 757 1329 vehementer
777 1262 933 1343 studuiffe‚
956 1261 1119 1348 colligitur
1139 1261 1239 1327 etiam

209 1384 250 1428 ex
265 1363 403 1430 Platonis
417 1367 499 1452 leg.
513 1366 540 1428 l.
555 1386 588 1452 p.
601 1367 677 1450 569.
693 1366 738 1429 F:
760 1368 798 1427 rol
812 1364 957 1449 *sopiriona
970 1371 1063 1427 ταῦτα
1077 1363 1098 1450 'i
1113 1366 1151 1427 rol
1164 1367 1239 1441 ξυσ-

208 1462 287 1528 ‘elrra
304 1470 406 1528 πολλὰ
426 1465 476 1547 μὶν
494 1464 574 1528 ἄλλα
592 1472 635 1528 νῦν
653 1464 750 1546 clpam*
761 1469 812 1539 τὰς
824 1465 934 1542 πόλεις,
949 1466 1022 1548 πρὸς
1036 1465 1062 1526 δὲ
1075 1466 1127 1538 τὰς
1142 1463 1238 1539 §dous

205 1567 337 1653 χαλεπά·
352 1568 461 1642 δηλοῦσι
477 1567 504 1629 88
522 1565 669 1643 Μιλησίων
683 1566 705 1652 ti,
720 1572 845 1629 Βοιωτῶν
859 1565 905 1647 κα)
917 1565 1030 1653 Θυρίων
1044 1568 1147 1641 παῖδες.
1170 1567 1237 1631 At-

207 1679 315 1732 tamen
331 1665 364 1730 in
380 1664 490 1730 Indice
504 1664 748 1731 Hieronicamm
762 1665 823 1730 Ed.
840 1667 971 1746 Corfini,
986 1666 1137 1754 opinione
1151 1690 1235 1754 pau·

204 1767 306 1832 ciores
327 1765 529 1854 reperiuntur
550 1765 676 1854 pugiles
694 1780 729 1832 et
749 1767 921 1833 ludiatores
944 1766 1068 1833 Milefii.
1106 1768 1234 1834 Plutar-

112 1898 122 1911 =
204 1868 256 1934 chi
278 1868 384 1934 locum
406 1867 562 1958 Tayiorua
583 1867 729 1933 adhibuit
754 1871 904 1957 Lycurgo
926 1870 1015 1935 Orat.
1036 1869 1120 1944 Adv.
1145 1872 1234 1936 Leo-

201 1985 283 2036 crat.
306 1991 340 2056 p.
359 1986 437 2056 154:
461 1967 597 2051 ἔαίςαθε,
619 1967 641 2033 ὦ
663 1972 817 2050 Ἀθηναῖοι,
840 1970 914 2052 μόνον
938 1979 990 2034 τῶν
1009 1971 1150 2060 Ἑλλήνων
1170 1975 1235 2048 τοὺς

202 2073 327 2158 ἀγαθοὺς
345 2071 441 2158 ἄνδρας
458 2071 553 2158 rapacia·
577 2072 701 2160 tigrium
724 2073 750 2135 δὲ
768 2065 847 2159 capel
863 2073 914 2154 pir
933 2075 990 2146 τοῖς
1011 2072 1107 2148 ἄλλοις
1125 2078 1152 2137 ir
1168 2079 1232 2150 ταῖς

201 2178 316 2260 ἀγοραῖς
330 2177 459 2250 ἀθλητὰς
472 2173 661 2255 ἁνακαμένες,
675 2174 740 2261 παρ’
756 2177 817 2255 ὑμῖν
832 2173 860 2235 δὲ
875 2174 1027 2259 ςρατηγοὺς
1040 2177 1167 2260 ἀγαθοὺς
1180 2176 1231 2240 καὶ

198 2279 245 2340 τὸν
257 2276 382 2363 τύραννον
395 2272 618 2350 ἀποκτείναντας.

125 2455 129 2463 .
190 2451 194 2457 ,
242 2378 314 2442 180.
328 2379 373 2442 A.
397 2376 436 2440 θ’.
459 2382 514 2453 Τῆς
538 2378 565 2440 δὲ
585 2384 639 2441 τῶν
660 2380 762 2463 Καρῶν
782 2374 1008 2462 {immicum-J
1033 2377 1229 2446 Notavimus

196 2500 230 2565 p.
249 2493 321 2562 117.
337 2478 377 2543 Β.
415 2479 489 2544 Hoc
507 2478 580 2544 loco
599 2481 748 2567 δημιεςγὸς
762 2478 880 2543 dicitur
901 2496 1034 2566 coquus,
1058 2501 1096 2545 ac
1118 2480 1228 2547 fimilis

196 2579 300 2663 operis
314 2578 447 2644 artifex:
472 2593 508 2643 ut
524 2603 555 2667 p.
572 2596 643 2665 115.
658 2582 697 2645 F:
722 2581 854 2655 ὀψοποιῶν
870 2581 896 2642 δὲ
910 2579 1008 2665 τέχναν
1021 2582 1042 2667 ’i
1056 2583 1226 2669 δημνεργῶν.

195 2681 269 2747 116.
286 2683 329 2746 D.
354 2682 427 2748 118.
445 2683 484 2746 Β.
511 2682 691 2747 Menander
705 2682 790 2768 apud
806 2681 1002 2746 Athenaeum
1018 2685 1076 2749 IV.
1098 2705 1131 2768 p.
1152 2703 1225 2768 172.

192 2784 237 2861 A,
252 2785 291 2848 B.
319 2785 411 2848 XIV.
432 2804 466 2870 p.
482 2789 557 2865 644.
571 2785 616 2847 D.
639 2784 678 2848 ad
701 2783 852 2848 eumdem
875 2785 1079 2850 Casaubonus
1096 2808 1130 2873 p.
1145 2805 1223 2873 305.

191 2884 363 2969 Antipater
376 2883 463 2970 apud
480 2886 645 2949 Stobaeum
661 2906 694 2971 p.
708 2885 784 2965 428.

236 2986 307 3050 180.
325 2986 362 3050 B.
392 2984 420 3048 ι’.
448 2984 525 3048 ’Faerci
553 2987 579 3047 δὲ
607 2986 933 3072 σαςεσκεύωμένωμ]
972 2986 1027 3051 Nil
1053 2987 1151 3076 hujus
1176 2993 1222 3056 rei

189 3086 300 3174 prodit
321 3086 353 3149 in
376 3086 454 3152 Vita
475 3085 658 3166 Alexandri,
680 3108 738 3151 nec
764 3086 843 3150 alius
866 3088 897 3151 in
920 3088 1047 3153 historia
1067 3091 1220 3176 quidem:

189 3202 223 3252 at
237 3187 268 3252 in
282 3188 405 3253 Theseo
420 3189 569 3255 meminit
583 3211 614 3275 p.
624 3209 657 3275 3.
672 3193 723 3254 A:
747 3197 827 3253 τοῦτο
850 3192 877 3253 δὲ
897 3190 993 3273 ἀμέλει
1014 3191 1060 3271 καὶ
1079 3193 1219 3271 Ἀλέξαν-

188 3290 246 3375 δρον
261 3290 307 3352 τὸν
321 3290 470 3353 Μακεδόνα
485 3290 645 3367 ἐννοήσαντα
659 3291 728 3371 paci
744 3291 908 3378 mercedem
926 3296 981 3365 τοῖς
1003 3296 1151 3378 §parweis
1166 3297 1220 3370 ξυ-

186 3395 240 3477 ρεῖν
260 3396 298 3455 τὰ
319 3392 411 3477 γένεια
431 3401 484 3456 τῶν
502 3394 678 3471 Μακεδόνων,
697 3394 732 3466 ὥς
752 3392 839 3470 Audit
857 3395 959 3471 ταύτην
979 3398 1005 3457 ἒν
1025 3398 1086 3468 ταῖς
1105 3396 1225 3482 μάχαις

186 3490 258 3557 lm
276 3494 509 3582 epexegoroirnr.
547 3497 590 3558 Et
613 3505 718 3568 narrat
740 3508 814 3557 ante
837 3516 978 3579 pugnam
1001 3494 1041 3558 ad
1065 3496 1218 3565 Arbelam

185 3593 318 3659 fabium.
349 3595 495 3682 Syncsrus
509 3594 665 3659 Encomio
681 3594 795 3658 Calvit.
815 3616 848 3679 p.
866 3611 917 3679 79.
934 3596 971 3672 B,
988 3594 1028 3658 C.
1051 3597 1218 3662 authorem

184 3695 317 3760 laudans
331 3717 460 3782 gravem
477 3696 684 3760 Ptolemaeum
701 3694 781 3781 Lagi
796 3693 907 3758 lilium.
933 3696 1003 3759 Nec
1019 3697 1218 3780 praetermisrt

184 3796 351 3885 Polyaenus
376 3798 433 3861 IV.
454 3817 486 3883 3.
508 3817 539 3862 1.
577 3798 673 3861 Certe
695 3796 868 3860 Alexandri
891 3810 984 3861 aetate
1005 3797 1143 3881 primum
1163 3799 1215 3861 in-

182 3899 307 3964 valuilie
321 3898 584 3963 consuetudinem
605 3899 736 3962 barbam
752 3896 882 3961 radendi
902 3899 1045 3982 locuples
1059 3898 1137 3961 item
1154 3921 1215 3962 au-

181 4002 251 4068 dior
264 4002 307 4066 est
322 4001 516 4089 Chrysippus
531 4001 617 4088 apud
632 3984 828 4065 Athcnaetim
844 4002 940 4065 Xlll.
964 4023 997 4086 p.
1013 4003 1088 4084 565.
1105 4003 1149 4065 A.

226 4105 298 4168 180.
315 4104 353 4168 B.
376 4102 425 4167 ια’.
449 4103 553 4189 Δαράε
576 4103 742 4188 hilara-J
770 4103 957 4168 Plutarchus
976 4103 1008 4166 in
1028 4102 1214 4168 Alexandro

180 4229 213 4294 p.
234 4208 305 4272 180.
320 4208 359 4273 B.
383 4207 416 4271 in
439 4206 551 4273 eadem
572 4228 606 4270 re
624 4206 708 4271 idern
730 4205 851 4272 dietum
876 4206 991 4271 refert:
1019 4205 1212 4291 Παρμενίωνος
