2692 4770
214 298 442 359 CONSOLAT.
456 299 514 359 AD
529 298 811 360 APOLLONIUM.
826 296 974 376 parsu.
1054 300 1114 372 7at

80 455 225 525 tudinem
244 460 432 527 Plutarchus
453 463 486 528 in
501 462 577 528 Vrta
592 462 719 529 Periclis
739 485 772 550 p.
787 478 859 547 172.
876 462 917 543 C,
931 463 976 528 D.
999 460 1020 526 fi
1039 459 1114 549 quia

80 557 153 623 dem
168 562 294 626 easdem
317 587 366 628 res
387 563 510 630 diverfis
530 564 608 630 locis
631 565 745 630 eodem
765 564 863 630 modo
877 564 994 629 referre
1009 563 1113 649 solet3'

78 675 116 726 ut
138 662 230 728 facile
250 681 402 750 appareat
416 689 490 732 eum
509 666 607 731 libelli
622 667 730 754 hujus,
750 666 790 732 ad
809 663 1021 753 Apollonium
1036 665 1113 730 scri·

78 763 136 850 pti,
152 766 258 850 postea
275 767 402 854 judicio
422 782 456 833 et
478 780 574 833 aetate
592 769 765 834 maturiore
782 769 899 834 nullam
915 789 1112 855 magnopere

80 864 235 931 rationem
253 868 405 934 habuisse.
442 873 484 934 Et
499 869 586 956 quod
608 869 670 934 hoe
693 870 766 935 loco
788 869 916 950 dieitur,
940 871 1019 944 εὐθὺς
1039 873 1114 952 μησὶ

77 969 124 1045 rin
136 969 349 1054 upooaysehfnn
365 971 527 1060 ἀμφοτέρων
542 980 596 1036 τῶν
617 972 691 1036 viius
711 973 788 1035 addit
806 971 876 1049 sirion
894 976 971 1035 nand
990 973 1022 1034 τὸ
1044 969 1111 1034 oroi·

77 1091 146 1151 τριον
166 1069 226 1144 ἔθος
241 1071 438 1155 ὶςεφανωμένον
453 1071 498 1151 καὶ
512 1078 729 1158 λευχειμονέντα
744 1074 954 1159 lammis-⁸
978 1070 1111 1136 temeri·

79 1179 176 1234 tatem
191 1171 310 1237 habere
323 1173 592 1259 deprehendatur.
627 1175 727 1253 Nam,
745 1178 820 1255 μετὰ
839 1177 887 1252 τὴν
900 1172 1113 1261 spongiosam

77 1272 234 1357 ἀμφοτέρων
256 1282 309 1339 τῶν
330 1274 416 1355 olion,
437 1274 497 1362 pest
511 1275 647 1339 nuntium
667 1275 819 1362 ulrirtsque
828 1274 910 1363 filii,
926 1297 997 1340 eam
1014 1274 1114 1345 habet

78 1373 337 1460 significationem
342 1375 431 1461 filios
447 1377 544 1462 obiiffc
559 1387 678 1464 epatre
692 1375 833 1462 absentes,
850 1376 940 1463 quod
952 1376 1042 1440 secus
1056 1375 1112 1457 est,

78 1477 196 1564 quippe
218 1481 339 1545 constat
361 1505 416 1546 eos
437 1482 576 1547 Athenis
598 1482 680 1568 peste
702 1480 825 1546 obiisse:
850 1503 925 1545 nam
940 1479 1027 1567 quod
1048 1479 1114 1566 ipsa

80 1577 177 1645 dictio
192 1582 308 1647 soloeca
321 1584 376 1663 est,
395 1606 481 1649 nune
497 1582 785 1669 praetermittimus,
801 1582 953 1669 squidem
969 1593 1057 1647 totus
1071 1580 1113 1663 li·

80 1681 181 1747 bellus
196 1685 353 1751 curiosam
369 1686 468 1752 habet
481 1685 755 1773 compostionem.
794 1688 831 1748 ln
853 1685 943 1750 luctu
959 1698 1043 1749 atras
1058 1706 1114 1763 ver

80 1784 135 1850 stes
149 1783 292 1866 indutos,
308 1787 411 1852 nullas
426 1785 524 1873 capiti
540 1810 673 1852 coronas
685 1787 812 1874 gestasse
826 1786 1037 1863 Athenienses
1052 1808 1113 1852 no·

80 1885 200 1951 vimus=
224 1889 453 1955 concionantes
468 1889 596 1954 coronis
610 1888 716 1975 capita
733 1888 836 1953 cinea
850 1888 1002 1969 habuisse,
1017 1888 1115 1976 idque

81 1989 178 2054 moris
192 1991 287 2076 patrii
303 1991 402 2070 fuisse,
417 1991 526 2056 minus
541 1990 702 2055 novimus:
722 2002 808 2055 certe
823 1990 929 2055 minus
942 1991 1115 2079 pervulga·

80 2101 149 2155 tum
172 2106 206 2157 et
228 2091 419 2158 disertorum
442 2091 662 2178 exemplorum
689 2092 784 2178 copia
807 2093 1031 2158 confirmatum
1059 2093 1114 2160 est.

80 2194 235 2261 Attamen
265 2221 305 2262 ex
328 2197 541 2283 Aristophane
563 2196 798 2289 Thesmophor.x
823 2197 899 2282 387.
932 2211 965 2262 et
993 2197 1114 2264 Eccles.

84 2314 154 2380 130.
175 2296 239 2361 hoc
259 2297 462 2363 verisimiliter
478 2296 588 2384 colligi
603 2295 747 2361 videtur:
770 2307 805 2360 et
819 2311 857 2361 ut
870 2296 1048 2362 institutum
1062 2319 1116 2363 re·

83 2397 156 2461 tulit
172 2398 296 2464 Potitus
311 2402 391 2486 Leg.
406 2398 510 2464 Attio.
527 2421 560 2485 p.
574 2417 646 2485 293.
670 2397 854 2462 Archontes
868 2410 901 2462 et
913 2396 1116 2485 magistratus

83 2520 217 2565 coronas
238 2502 367 2587 gestasse
389 2501 530 2567 conflat:
557 2524 587 2563 v.
601 2523 630 2564 c.
649 2521 688 2563 ex
710 2498 927 2564 Demosthene
949 2500 1006 2564 Or.
1030 2499 1116 2566 Adv.

82 2600 294 2666 Theocrinem
318 2623 350 2687 p.
369 2623 444 2686 511.
470 2604 513 2667 A.
555 2599 726 2664 Scholiaste
752 2599 913 2685 Aristoph.
936 2600 1017 2665 Rau.
1038 2619 1117 2687 333.

83 2704 189 2791 Equit.
214 2709 288 2792 960.
319 2705 415 2790 Vesp.
439 2705 514 2788 857.
554 2702 725 2766 Plutarcho
748 2699 840 2785 Reip.
863 2702 940 2764 Ger.
962 2703 1118 2788 Praecept.

84 2807 203 2891 p.813.
221 2808 261 2870 E.
286 2807 359 2871 816.
375 2807 419 2870 A.
457 2804 533 2869 Alia
556 2804 653 2868 etiam
677 2800 780 2866 adfert
804 2800 843 2865 C.
865 2801 1043 2867 Paschalius
1064 2803 1118 2873 De

85 2907 221 2973 Coronis
238 2910 296 2973 lV.
315 2928 364 2988 14.
401 2909 488 2971 Nam
504 2906 536 2969 in
552 2904 649 2983 festis,
664 2903 808 2982 resuere,
825 2902 986 2986 conviviis,
1001 2902 1118 2970 solem·

84 3032 157 3074 nem
172 3008 262 3073 fuisse
283 3030 474 3074 coronarum
489 3009 594 3086 usum,
612 3028 708 3071 nemo
731 3003 823 3069 facile
837 3003 976 3092 ignorat.
1013 3006 1120 3093 Igitur

84 3110 234 3177 credibile
256 3111 310 3190 est,
336 3109 500 3189 Periclem,
521 3132 584 3173 non
605 3122 673 3171 tarn
694 3106 798 3193 patrio
818 3106 965 3171 omnium
985 3108 1119 3174 concio·

85 3215 230 3280 nantium
249 3236 351 3292 more,
371 3235 468 3298 quam
487 3211 536 3276 vel
558 3209 661 3295 patrio
683 3231 773 3274 more
794 3207 1051 3296 mgistratuum,
1068 3207 1120 3274 vel

85 3316 171 3402 quod
192 3330 270 3379 tunc
289 3314 508 3401 magistratum
527 3312 667 3398 aliquem
685 3324 823 3398 gereret,
840 3309 890 3374 vel
910 3309 967 3375 suo
989 3309 1120 3396 proprio

84 3433 116 3483 et
130 3417 279 3504 singulari
295 3435 398 3495 more,·
413 3426 604 3479 coronatum
619 3411 790 3477 conciones
802 3410 953 3475 habuisse.
976 3410 1119 3494 Etenim,

85 3521 171 3606 quod
194 3521 272 3584 item
301 3543 339 3584 ex
364 3518 491 3584 Valerio
519 3515 666 3583 Maximo
690 3515 838 3580 norimus
857 3515 903 3578 11.
923 3517 956 3578 6.
980 3515 1054 3579 Ext.
1075 3528 1118 3600 5:

84 3622 304 3707 Athenienfiurn
319 3621 426 3685 civitas
446 3621 530 3684 bonos
545 3617 623 3683 cives
638 3641 741 3683 corono
759 3617 919 3681 decorandi
937 3616 1032 3705 primo
1050 3639 1120 3681 con·
1198 3666 1204 3678 .

75 3726 264 3810 suetudinem
283 3722 461 3801 introduxit,
482 3721 593 3786 duodus
612 3719 683 3784 oleae
705 3720 839 3785 connexis
859 3716 985 3782 ramulis
1006 3715 1122 3785 clarum

87 3826 209 3891 Periclis
229 3825 370 3912 ringendo
391 3835 534 3911 capnt—.
573 3824 667 3885 Hanc
690 3844 768 3908 ergo
790 3842 941 3884 eoronam
963 3834 1121 3908 perpetuo

86 3929 262 4014 gestaverit,
286 3950 359 3991 cum
383 3926 514 3990 honoris
529 3924 643 4004 cautla,
667 3936 738 3988 tum
752 3923 877 3988 fortasse
891 3922 932 3988 ad
946 3924 1121 4011 tegendum

87 4032 197 4118 capitis
217 4031 470 4109 deformitatem,
485 4052 583 4116 quam
605 4027 636 4091 in
657 4049 697 4092 eo
719 4038 753 4090 et
776 4022 909 4090 Comici
922 4024 1067 4105 riserunt,
1086 4038 1121 4091 et

88 4133 246 4221 signorum
269 4135 404 4199 artifices
425 4133 518 4221 galea
539 4132 683 4219 imposita
702 4127 949 4210 dillimulabant,
963 4140 1000 4194 ut
1014 4127 1123 4214 prodit

90 4235 277 4303 Plutarchus
301 4235 420 4303 Pericle
445 4252 570 4323 p·153·
607 4231 707 4299 Haud
727 4232 817 4299 secus
838 4250 881 4297 ao.
891 4231 996 4328 postea
1018 4227 1124 4296 Caesar

143 4359 232 4406 voc.
247 4357 302 4404 vr.
600 4352 654 4424 3¹³
