2692 4770
160 328 219 402 786
351 326 391 392 1).
401 326 453 390 W.
474 325 681 391 ANIMADV.
701 330 749 390 IN
769 322 1000 390 PLUTARCHI

161 485 319 558 calvitiem
341 489 455 560 frontis
475 488 583 560 laurea
603 494 705 560 celare
721 493 861 559 solebat:
884 489 972 578 quod
987 486 1191 591 narrat'Sue-

87 643 90 647 .
161 593 270 661 tonius
287 595 434 682 Caes45.

206 697 279 761 118.
293 696 332 764 E.
355 695 603 785 Πρωταγόρας-]
629 697 790 785 Egregiae,
806 696 890 762 illius
904 691 1019 771 aetatis,
1034 686 1191 777 reliquiae:

161 796 340 885 cujusmodi
364 799 503 887 reliquiis
531 799 697 879 servandis,
723 800 822 865 libelli
852 799 984 885 scriptor
1010 793 1102 859 facile
1127 815 1192 857 non

160 898 260 963 modo
278 899 415 980 veniam,
431 900 483 965 sed
503 913 537 966 et
549 899 684 989 gratiam
701 900 786 988 apud
805 923 863 965 nos
879 898 999 964 invenit
1013 896 1142 982 reliquae
1159 893 1192 958 in

160 997 337 1065 disserendo
360 1001 526 1066 tenuitatis
552 1018 589 1066 ac
614 1001 813 1079 temeritatis,
840 999 903 1065 fine
932 1020 995 1085 qua
1017 1016 1194 1080 numquam

160 1099 244 1166 hanc
263 1101 295 1164 in
316 1102 514 1188 apponendis
533 1103 644 1168 alienis
667 1104 801 1191 dapibus
823 1101 1045 1168 liberalitatem
1067 1099 1195 1164 secutus

159 1194 275 1266 suisset.
312 1203 399 1290 Ergo
420 1205 606 1290 Protagoras
622 1204 771 1292 superstes
786 1204 848 1269 fuit
863 1202 993 1269 Pericli:
1017 1200 1071 1264 hic
1084 1213 1194 1264 autem

158 1302 240 1367 obiit
254 1301 386 1390 Olymp.
399 1306 569 1369 LXXVII.
582 1324 615 1385 4.
630 1319 667 1370 ut
681 1305 765 1370 rede
781 1305 887 1370 censet
900 1306 938 1368 E.
953 1301 1102 1368 Corsrnus
1114 1300 1193 1365 Fast.

157 1403 232 1472 Att.
252 1403 328 1469 Vol.
349 1406 411 1469 111.
434 1427 469 1492 p.
485 1425 559 1491 232.
599 1409 789 1493 Protagoras
810 1405 948 1491 explevit
971 1403 1099 1468 circiter
1122 1402 1193 1488 sep·

158 1505 307 1592 tuaginta
322 1528 435 1586 annos,
456 1521 494 1571 ut
509 1508 552 1572 est
573 1508 660 1593 apud
684 1508 850 1573 Platonem
870 1507 903 1571 in
924 1508 1067 1570 Menone
1089 1525 1122 1589 p.
1139 1523 1191 1570 21.

159 1605 201 1670 C.
218 1604 356 1693 indeque
374 1607 514 1672 sumtum
537 1607 577 1672 ab
599 1607 800 1694 Apollodoro
822 1606 908 1694 apud
929 1606 1113 1692 Diogenem
1128 1606 1193 1669 La·

157 1718 218 1771 ert.
235 1708 295 1770 IX.
307 1724 362 1794 59.
377 1707 441 1774 hoc
455 1709 534 1773 item
549 1708 736 1795 perhibente
750 1708 829 1800 alios
840 1708 887 1772 illi
902 1707 1078 1793 nonaginta
1091 1726 1192 1769 annos

157 1808 309 1874 tribuisse.
346 1812 459 1897 Itaque
481 1823 639 1897 quantum
661 1825 789 1897 tempus
812 1809 964 1898 superstes
985 1809 1082 1872 suerit
1106 1807 1192 1873 Peri·

156 1910 212 1990 cli,
237 1910 384 1999 suspicari
407 1933 471 1976 non
494 1912 581 1977 licet.
628 1915 665 1977 In
691 1915 866 2001 Protagora
888 1910 1008 1977 nemini
1030 1931 1112 1974 nora
1135 1925 1192 1973 aut

156 2012 301 2099 suspedia
320 2013 444 2078 accidet
466 2014 576 2079 Ionica
595 2014 768 2094 dialestus3
798 2015 950 2101 squidem
971 2012 1041 2100 ejus
1064 2011 1139 2077 civis
1158 2025 1192 2075 et

156 2113 314 2202 magister,
336 2115 415 2180 item
435 2115 601 2197 Abderita,
619 2118 827 2182 Democritus
849 2116 914 2203 ipse
931 2137 1059 2203 quoque
1082 2113 1192 2179 Ionice

155 2215 284 2303 scripsit.
322 2217 513 2303 Recepimus
529 2217 621 2305 εἵχιτο
642 2240 701 2306 pro
723 2223 828 2306 ἐχεῖτο,
848 2232 1030 2305 poteramus
1052 2230 1087 2281 et
1109 2216 1191 2304 ἔχετο

155 2331 189 2383 et
202 2316 272 2406 disp
287 2321 388 2406 ἐχρῆτο
403 2318 572 2405 conjicere,
592 2335 627 2385 at
648 2320 788 2407 recipere
810 2341 874 2384 non
891 2334 1086 2406 poteramus,
1103 2317 1191 2406 quod

155 2419 277 2486 nullam
291 2419 447 2485 haberent
461 2420 614 2485 librorum
630 2421 867 2486 auctoritatem.
894 2422 983 2506 Ergo
997 2419 1081 2497 εὐδίης
1095 2418 1190 2506 rixata,

143 2521 288 2608 studebat
298 2521 481 2608 serenitati:
503 2535 536 2586 et
552 2523 669 2588 dicitur
687 2524 834 2586 transsata
856 2521 988 2586 notione
998 2521 1148 2608 serenitas
1162 2533 1191 2584 et

154 2622 249 2687 animi
262 2635 290 2686 ct
304 2622 427 2688 cultus:
452 2623 497 2687 ita
512 2622 699 2688 Plutarchus
713 2624 800 2708 Opp.
816 2625 904 2687 Mor.
927 2644 959 2708 p.
975 2623 1028 2685 68.
1046 2622 1087 2686 C.
1113 2639 1190 2705 477.

152 2722 186 2788 A
199 2748 208 2788 a
232 2725 342 2811 quain
360 2724 492 2790 notione
507 2739 540 2789 et
554 2728 701 2811 διαχὸθαρ
716 2726 866 2802 usitatum
890 2723 976 2788 unde
990 2723 1054 2787 hoc
1070 2723 1101 2786 in
1117 2722 1190 2788 loco

153 2825 226 2911 quis
247 2826 331 2891 sorte
350 2829 441 2914 Ιχεῖτο
463 2828 545 2891 tueri
560 2827 653 2891 velit:
677 2826 717 2890 fic
738 2827 770 2890 in
790 2825 954 2891 Consolat.
975 2825 1016 2889 ad
1035 2826 1137 2889 Uxor.
1155 2846 1188 2910 p.

154 2929 230 2991 610.
246 2928 297 2992 A:
320 2931 400 2991 orchi
414 2933 473 3016 yde
487 2927 655 3012 ἆμὸλῦνετοᾳ
674 2928 720 3008 κα)
736 2935 870 3014 gethaim
886 2933 922 2992 τῦ
941 2935 1087 3001 λυποῦντος
1099 2924 1189 3013 ὥσπερ

153 3032 180 3092 ἓν
193 3026 313 3114 arillae-,ir
333 3031 440 3116 γαλῆνῃ
454 3037 504 3093 τοῦ
521 3031 650 3112 σώματος
671 3029 847 3117 διαχεομένε·
872 3045 907 3096 et
923 3030 999 3095 alibi
1014 3043 1049 3094 ut
1064 3031 1189 3094 notavi·

153 3149 226 3194 mus
241 3130 281 3195 ad
296 3151 329 3217 p.
343 3131 394 3197 82.
408 3135 449 3195 F:
473 3154 638 3217 perperam
650 3133 713 3196 hoc
727 3132 857 3218 quidem
871 3133 956 3213 loco,
973 3133 1027 3219 qui
1043 3134 1106 3198 sme
1120 3134 1188 3199 vio·

151 3229 240 3296 lenta
253 3231 500 3318 interpolatione
515 3232 555 3296 ad
570 3233 653 3297 hanc
669 3232 859 3298 sententiam
874 3234 990 3299 mutari
1006 3235 1131 3321 nequit.

199 3336 270 3400 118.
288 3337 323 3401 F.
345 3334 439 3415 βελίις
453 3338 478 3397 τ’
493 3335 648 3422 ἐξέρχονται
663 3339 791 3422 ἀγαθὰς]
821 3338 1014 3401 Homericer
1039 3338 1132 3403 Iliad.
1148 3339 1186 3402 B.

153 3456 235 3524 273:
256 3436 299 3501 Ὦ
314 3436 413 3518 casroi,
435 3434 451 3515 ἦ
471 3440 500 3515 δὴ
517 3437 596 3525 μυρί’
610 3440 761 3513 Ὀδυσσεὺς
776 3443 856 3503 &obad
872 3439 962 3527 ἔοργε,
984 3439 1082 3516 Βελάς
1099 3444 1126 3504 τ’
1140 3446 1187 3520 ἐξ·

151 3543 279 3630 ἄρχοντα
298 3545 425 3625 ἀγαθὰς,
439 3539 566 3620 πόλεμόν
579 3566 611 3603 τε
626 3541 776 3627 κορύσσων.

197 3643 269 3706 118.
285 3646 320 3706 F.
345 3643 519 3726 Ξενοφῶντα]
549 3641 694 3705 Valerius
716 3643 806 3706 Max.
826 3644 868 3706 V.
891 3663 942 3707 10.
967 3645 1041 3709 Ext.
1057 3665 1088 3711 2.
1124 3647 1186 3711 AE·

150 3744 253 3809 lianus
269 3746 346 3808 Var.
360 3743 439 3808 Hist.
454 3744 516 3807 111.
528 3761 562 3829 3.
585 3742 749 3830 Diogenes
765 3746 870 3808 Laert.
886 3746 929 3809 lI.
940 3760 999 3829 55:
1025 3745 1082 3809 ubi
1095 3747 1187 3834 plura

147 3843 335 3931 Menagius.

193 3969 227 4034 p.
243 3966 314 4032 119.
330 3946 373 4009 A.
396 3944 491 4009 Ascua
506 3945 532 4008 δὲ
546 3946 592 4008 τὸν
606 3943 865 4031 {opportuni-rob]
892 3946 1039 4013 AElianus
1059 3948 1103 4014 lb.
1123 3950 1184 4014 Ill.

149 4070 183 4132 4.
205 4061 238 4114 et
256 4048 332 4126 hoc,
354 4059 388 4112 et
409 4047 469 4113 tria
489 4047 593 4134 priora
613 4046 770 4132 exempla,
792 4046 906 4110 eodeni
925 4048 1050 4128 ordine,
1070 4073 1109 4114 ex
1132 4051 1184 4115 iis·

149 4152 224 4216 dem
239 4149 386 4216 sontibus
400 4150 515 4237 quibus
530 4149 593 4212 hoc
616 4147 688 4212 loco
712 4148 922 4238 Plutarchus:
947 4150 1002 4235 qui
1017 4151 1113 4236 paulo
1126 4152 1184 4217 ali·

147 4265 197 4320 ter
217 4265 251 4318 et
272 4251 396 4319 brevius
415 4272 483 4318 rem
503 4262 610 4332 namet
624 4248 656 4314 in
671 4248 779 4318 Dione
800 4272 833 4338 p.
850 4250 924 4339 982.
941 4252 981 4317 C.
996 4252 1090 4319 aliter
1105 4253 1182 4318 item
