2692 4770
159 152 219 219 ⁵7⁴
298 145 336 204 D.
351 145 631 207 W..AN1MADV.
651 146 699 206 IN
719 145 949 207 PLUTARCHI
969 147 1043 208 utu.

199 308 251 392 78.
265 310 305 373 E.
328 309 513 396 καταίροντες]
537 311 680 374 Vertunt
693 309 845 390 devolant,
862 311 948 397 qnod
963 311 1019 389 est,
1032 332 1074 375 ex
1090 311 1186 397 supe·

154 410 237 474 riore
252 410 283 474 in
298 411 406 476 Iocum
419 412 599 476 inferiorem
613 412 736 477 volant:
761 412 836 477 huic
849 411 922 478 sane
936 413 1009 478 loco
1024 435 1088 479 non
1105 434 1185 478 con-

154 512 251 575 venit.
286 513 329 575 Et
348 534 420 575 vero
440 511 575 598 καταίρειν
589 512 629 576 dc
644 513 751 576 nvibus
765 514 925 591 usitatum,
940 539 1010 600 φινκε
1029 513 1137 578 volatu
1149 515 1188 600 sc

101 612 106 617 ’
153 613 185 675 in
201 612 292 676 locum
308 613 459 698 corfirant
473 613 570 701 ibique
585 615 743 700 confidant,
760 615 817 679 five
836 616 862 678 is
885 617 922 678 fit
941 614 1025 679 altus
1044 616 1105 679 tire
1120 617 1185 680 hu-

153 714 259 795 milis3
291 716 376 801 quod
402 717 544 802 corfidere
567 740 630 781 non
659 717 712 781 nifi
736 719 908 781 demittendo
920 718 959 803 se
980 718 1046 782 fieri
1069 721 1185 804 potest,

153 816 241 901 quod
263 818 306 881 est
324 824 465 898 καθῆοῦας.
505 819 673 884 Plutarcho
693 820 767 884 satis
788 821 955 906 frequens:
986 821 1073 906 Opp.
1096 822 1186 885 Mot.

152 937 207 998 41.
224 921 259 983 F.
283 920 356 986 286.
372 921 414 983 A.
437 938 512 1005 340.
530 921 569 985 C.
592 937 667 1006 359.
683 922 721 984 B.
747 937 822 1006 371.
841 923 875 984 E.
899 921 1027 984 crau.
1050 923 1126 1006 967.
1143 921 1185 985 C.

152 1021 220 1084 Vir.
240 1039 291 1106 23.
308 1023 351 1085 A.
377 1041 449 1090 ιτα.
464 1024 507 1087 A.
529 1025 604 1107 364.
618 1023 662 1085 D.
685 1023 759 1086 680.
774 1025 817 1087 A.
842 1039 915 1108 737.
929 1024 973 1087 D.

195 1124 248 1206 78.
266 1127 303 1187 Ε.
329 1121 420 1211 ὅστις
433 1130 471 1187 τοὶ
484 1124 639 1202 σκυλάκια,
657 1125 735 1202 φησίν
751 1130 764 1187 ὁ
783 1126 924 1209 Πλάτων]
954 1127 1033 1210 Rep.
1047 1125 1128 1190 VII.
1150 1149 1184 1212 p.

151 1243 226 1310 490.
242 1227 274 1288 D
287 1252 294 1288 :
319 1225 394 1307 οἶμαι
407 1226 466 1311 γάρ
484 1251 516 1289 σε
535 1230 565 1288 ori
584 1225 738 1305 λεληθέναι,
757 1225 796 1288 In
816 1233 839 1290 οί
852 1227 1036 1312 μειρακίσκοι,
1054 1225 1120 1290 ὅταν
1132 1253 1184 1290 το-

151 1334 255 1409 τρὸντον
277 1325 368 1410 λόγων
394 1327 539 1411 γεύωνται,
562 1327 597 1400 ὥς
618 1329 723 1412 παιδιᾷ
748 1331 839 1401 αὐτοῖς
867 1334 1064 1412 καταχρῶνταρ
1088 1325 1130 1390 ἀεὶ
1148 1331 1186 1402 είς

152 1428 313 1512 ἀντιλογίαν
329 1427 480 1516 χρώμενοι,
504 1427 550 1508 κα)
562 1428 721 1510 μιμούμενοι
737 1431 798 1503 τοὺς
819 1428 1019 1513 ἐξελέγχοντας
1033 1430 1112 1491 αὐτοὶ
1127 1428 1184 1492 ἅλ-

152 1543 204 1603 λοις
216 1528 370 1614 ἔλίγχεισι,
380 1529 518 1616 χαίρονίες
531 1526 622 1616 α’ίστιεφ
635 1528 778 1592 σκυλάκια
791 1535 832 1614 τῷ
846 1528 974 1592 ἕλκοντε
987 1529 1009 1614 ’i
1023 1530 1186 1616 σσαςᾶτίειι

150 1638 191 1716 τῷ
205 1630 282 1717 λίγορ
296 1632 357 1705 τοὺς
370 1631 493 1708 ττλησίοι
506 1629 559 1694 αἰεί.
596 1632 703 1717 Quem
721 1629 829 1694 locum
844 1630 1047 1694 traducimus
1059 1630 1101 1694 ad
1115 1632 1184 1696 Ser.

151 1733 254 1796 Num.
270 1731 368 1796 Vind.
387 1753 418 1817 p.
435 1751 471 1795 11
485 1757 493 1796 ε
518 1730 615 1818 hujus
629 1728 777 1795 editionis
793 1751 825 1816 p.
840 1732 915 1815 548.
929 1730 969 1794 C.

195 1833 247 1916 78.
263 1835 301 1896 E.
327 1832 369 1894 iri
388 1837 439 1906 τοὶς
457 1830 544 1920 ἴριδας
566 1831 612 1912 κα)
629 1835 680 1905 τοὶς
699 1830 813 1916 ἀπορίας
835 1830 880 1910 καί
898 1836 937 1894 σοὶ
958 1829 1180 1919 σοφίσματα-]

151 1933 353 2008 contentiones,
369 1932 577 2011 dubitationes,
593 1930 817 1997 cavillationes:
839 1933 881 1996 est
895 1933 1098 1997 abutentium
1113 1934 1184 1998 dia·
1211 2000 1216 2010 ,

150 2035 275 2113 lenies,
294 2033 385 2120 cujus
406 2034 449 2097 est
469 2032 549 2097 adeo
563 2055 682 2097 munus
696 2046 730 2097 et
745 2033 834 2097 locus
849 2046 960 2098 contra
974 2033 1042 2096 ilias
1056 2034 1184 2119 captio·

152 2157 209 2198 nes
224 2132 449 2220 philosophum
465 2131 632 2196 instruere:
657 2132 743 2218 quod
761 2132 837 2197 fecit
852 2133 1034 2197 Aristoteles
1049 2134 1184 2199 inlibris

151 2239 218 2324 σιρί
232 2243 379 2320 σοφιςικῶν
392 2235 539 2321 ἐλέγχοις
562 2247 600 2300 es
618 2236 706 2300 Plato
722 2235 833 2322 saepius
847 2237 918 2301 istos
937 2237 1084 2303 homiues
1105 2261 1182 2304 exa·

150 2339 276 2428 guent,
291 2339 322 2402 in
338 2337 448 2424 primis
464 2336 593 2423 dialogo
607 2337 825 2425 Euthydemo,
841 2338 1008 2425 negotium
1024 2338 1104 2404 itud
1122 2364 1182 2405 no-

152 2443 238 2508 mine
253 2439 350 2523 σοφίας
364 2443 479 2527 ἐςιςικῆς
494 2438 657 2524 appellans
672 2463 680 2501 :
704 2439 803 2524 igitur
821 2439 871 2526 ἔρις
885 2441 926 2503 ab
940 2439 1005 2525 ipsa
1018 2440 1184 2508 dialectica

151 2545 354 2630 segregatur:
382 2563 411 2603 ν.
426 2562 456 2604 c.
495 2538 656 2602 Plutarch.
679 2535 806 2602 Defeit.
829 2540 924 2604 Orac.
948 2561 980 2626 p.
994 2560 1070 2626 431.
1085 2544 1123 2605 E.
1145 2548 1184 2606 τοὶ

149 2647 200 2727 μὲν
226 2648 321 2725 ζητεῖν,
346 2647 384 2704 τοὶ
408 2642 435 2702 δὲ
456 2641 614 2722 μανθάνειν,
639 2638 720 2726 ἒςίὸος
742 2638 856 2702 ἐκποδῶν
876 2638 954 2716 οὔσης
976 2642 997 2726 οὲ
1019 2642 1183 2723 φιλονεικίας

150 2749 271 2824 ἀκοίτης.
310 2749 384 2810 Hoc
406 2756 548 2806 veterum
571 2741 776 2827 sophistarum
799 2754 877 2820 erat,
899 2763 919 2804 a
937 2763 1074 2827 quorum
1089 2743 1182 2809 disci·

151 2848 239 2933 plina
253 2848 397 2911 Socrates
407 2843 540 2929 juvenes
552 2844 714 2921 avocabat,
723 2855 761 2906 ut
772 2843 815 2906 ait
827 2842 910 2907 idem
927 2844 1049 2908 Piston.
1060 2847 1182 2934 Quaest.

150 2971 185 3035 p.
201 2969 275 3035 999.
292 2949 329 3009 E.
353 2945 471 3031 quippe
484 2944 611 3026 οἰήματος
626 2949 785 3032 ἐκληροῦντο
803 2944 849 3024 καί
862 2947 1030 3029 δοξοσοφίας,
1048 2950 1070 3035 ’i
1091 2950 1184 3034 λίγοκι

150 3051 260 3134 ἐζήλουν
283 3053 371 3135 χολὴν
394 3047 440 3123 καί
463 3045 602 3136 ὃιατφιὲοὶς
626 3049 772 3135 ἀπράκτοις
793 3053 819 3111 ἓν
841 3049 908 3137 ἔςισι
932 3051 979 3112 καί
1000 3053 1182 3134 φιλοτιμίαις,

150 3154 328 3218 Athenaeus
351 3154 447 3216 XIII.
464 3154 599 3215 611.A:
629 3150 864 3225 Lacedaemonii
885 3156 914 3215 οὐ
938 3153 1102 3240 οτροσίενταρ
1123 3153 1183 3217 atr·

150 3261 288 3345 ῥητορικὴν
302 3255 362 3319 οὔτε
377 3255 537 3337 φιλοσοφίαν
559 3258 602 3318 διὰ
623 3260 674 3329 τοὶς
696 3258 721 3316 ἓν
742 3259 798 3328 τοῖς
818 3255 911 3339 λόγοις
925 3260 998 3336 ὑμῶν
1011 3254 1182 3338 φιλοτιμίας,

150 3357 197 3437 καί
213 3358 310 3443 ἔριδας,
325 3359 346 3443 οὲ
360 3359 420 3431 τοὺς
435 3356 563 3442 ἀκαίρους
578 3355 725 3441 ἐλέγχους.
762 3355 912 3419 Aristides
932 3357 970 3420 Τ.
987 3356 1030 3419 II.
1046 3377 1078 3441 p.
1094 3376 1156 3441 311
1171 3382 1181 3419 t

148 3459 308 3546 Ἰσοκράτης
328 3461 444 3539 σοφιςοὶς
465 3459 515 3539 μὲν
540 3454 729 3542 (προσείρηκε)
754 3458 816 3529 τοὺς
839 3456 906 3543 περὶ
927 3459 975 3532 τὴν
996 3456 1060 3543 ἔριν,
1080 3457 1103 3542 ’i
1120 3458 1182 3529 τοὺς

148 3563 183 3633 ὥς
197 3558 231 3622 oin
244 3561 320 3622 αὐτοὶ
334 3562 410 3641 φαῖεν
426 3556 612 3634 διαλεκτικείς,
629 3557 772 3638 φιλίσοφον
786 3559 812 3619 δὲ
828 3560 908 3620 αὑτὸν
922 3556 968 3634 καί
982 3558 1043 3630 τοὺς
1056 3559 1180 3645 ῥήτορας.

138 3660 237 3740 Hinc
251 3661 372 3746 ἐριςικοί,
383 3658 532 3748 sophistae,
547 3657 706 3722 Aristoteli
729 3658 864 3745 Sophist.
879 3658 1012 3722 Eiench.
1031 3659 1057 3722 l.
1076 3679 1179 3746 1-3:

149 3760 286 3846 indeque
301 3759 462 3824 Clementi
483 3758 577 3824 Alex.
593 3761 712 3823 Strom.
730 3760 757 3821 Ι.
772 3781 805 3845 p.
820 3760 893 3847 289.
908 3759 984 3823 dicsti
998 3759 1180 3848 philosophi

147 3862 307 3950 Megarici
328 3863 368 3925 ab
391 3860 524 3925 Euclide
547 3860 682 3947 profedti
708 3861 808 3947 Diog.
833 3863 940 3926 laert.
957 3862 1003 3927 II.
1021 3864 1092 3926 106.
1137 3865 1180 3927 Et

148 3966 267 4051 priores
281 3979 314 4028 et
328 3963 362 4026 hi
376 3963 407 4026 in
422 3961 663 4048 sophismatibus
676 3956 877 4026 versabantur
890 3962 999 4048 hisque
1014 3975 1179 4048 tamquam

148 4064 361 4130 instrumentis
375 4063 533 4149 sapientiae
548 4063 721 4128 utebantur
734 4063 807 4128 Ioco
824 4062 1009 4149 syllogismi3
1033 4065 1075 4129 est
1091 4065 1177 4129 enim
