2692 4770
236 291 316 349 1180
424 287 464 348 D.
476 286 528 347 W.
547 287 757 348 ANIMADV.
777 286 826 349 IN
845 286 1079 350 tamarem

234 449 422 537 scripturam
436 448 468 515 in
483 478 516 531 α,
531 463 565 518 et
577 477 592 515 ο
606 453 694 540 quod
708 453 807 518 habet
820 454 855 519 Ρ.
868 463 960 518 notat
970 450 1156 538 Stephanus
1168 448 1265 518 mes.

232 559 272 623 L.
287 559 345 623 Gr.
360 559 400 623 T.
417 559 479 623 ΙΙΙ.
502 579 536 646 p.
553 560 648 645 1380.
686 562 724 625 ln
741 558 886 646 ἀναπαύσῃ
907 580 1021 623 omnes
1041 557 1115 623 libri
1128 557 1265 624 conscu-

232 658 341 724 tiuntr
365 671 472 725 tamen
488 659 661 748 legendum
674 660 787 748 παύσῃ.
827 656 1082 753 Apophthegma
1094 658 1194 723 exstat
1207 657 1264 724 sub

230 760 361 826 nomine
374 761 572 827 Antisthenis
585 761 671 850 apud
684 761 867 850 Diogenem
884 760 1047 827 laertium
1062 760 1124 826 vl.
1138 778 1183 842 4:
1205 785 1263 842 μυ·

228 861 335 946 eriperis
353 889 429 928 orara
447 868 487 928 rol
498 867 632 950 Ὀρφικοὶ,
646 873 695 929 τοῦ
716 863 803 953 ἶεςίονς
821 864 948 944 εἰπόντος,
964 861 1005 928 dn
1023 868 1049 927 al
1065 869 1161 927 ταῦτα
1174 861 1262 945 μυού-

226 990 301 1050 μενον
315 975 434 1029 πολλῶν
455 969 573 1053 ἀγαθῶν
594 970 621 1031 lv
642 964 693 1054 ᾆδον
713 966 865 1052 perfixum,
877 964 916 1030 'l'l
928 963 984 1046 οὖν,
1000 963 1060 1044 ἔφη,
1076 967 1126 1029 oda
1138 963 1261 1042 ἆτοθνῆ·

226 1089 320 1143 mn
349 1066 494 1153 Orphica
514 1066 659 1156 mysteria
684 1078 720 1132 ct
746 1065 909 1153 Orpheus,
937 1078 1112 1131 uteorum
1137 1062 1261 1142 metor,

226 1166 410 1254 frequenter
427 1183 656 1250 memorantur,
680 1167 848 1256 Philippus
868 1166 923 1232 iste
944 1166 1032 1234 haud
1057 1163 1123 1231 scio
1141 1187 1185 1230 an
1207 1163 1258 1230 ul*-

224 1290 333 1356 quam.

269 1388 342 1450 224.
356 1373 392 1435 F.
414 1373 612 1439 ΛΕΟΝΊῸΣ
631 1374 716 1436 ’Μ’
734 1370 1043 1455 murman]
1070 1366 1257 1458 Eurycrati·

221 1469 280 1534 dae
301 1470 420 1535 dicitur
434 1484 473 1536 ut
487 1471 580 1558 supra
598 1492 631 1559 p.
649 1489 722 1539 221.
738 1473 776 1536 Β.
791 1471 847 1558 qui
861 1470 930 1536 aliia
950 1471 993 1535 est
1013 1470 1198 1556 Eurycrater
1212 1469 1257 1535 11.

221 1569 314 1657 cujus
328 1571 411 1639 filius
428 1575 518 1638 Leon
534 1573 655 1661 regiam
675 1572 868 1660 dignitatem
886 1571 1027 1640 obtinuit
1040 1571 1257 1661 quadraginta

220 1674 364 1761 quinque
378 1674 481 1739 annia.
512 1675 603 1740 Harl.
619 1675 676 1741 dat
689 1676 767 1741 Alm
780 1682 794 1740 ὁ
808 1675 1024 1765 Εύῃναῃατνύῃς.

264 1796 337 1860 224.
351 1780 386 1842 F.
401 1776 460 1861 οἱ]
480 1778 699 1845 Posseffionum
714 1778 880 1866 equalitas
896 1777 1045 1845 laudatur
1056 1799 1098 1844 ex
1111 1776 1255 1844 instituto

219 1879 388 1968 Lycurgir
420 1880 570 1946 convenit
594 1902 724 1968 quoque
751 1903 827 1946 cum
850 1879 994 1949 Thaletia
1021 1880 1190 1959 sententia,
1214 1879 1255 1946 de

217 1981 343 2068 optime
364 1981 535 2047 constituta
553 1981 681 2049 civitate
702 1981 736 2048 in
759 1981 948 2070 Sapientum
972 1980 1106 2049 Conviv.
1128 1997 1253 2071 p.154.

217 2083 263 2163 D,
278 2085 317 2147 E.
1045 2151 1054 2159 ,
1115 2124 1120 2131 ·

260 2203 334 2266 224.
352 2187 387 2248 F.
409 2182 466 2272 72]
497 2184 664 2251 Tribuitur
684 2183 920 2250 Anaxandridrc
939 2184 981 2264 β’.
1003 2205 1037 2272 p.
1051 2186 1126 2252 216.
1144 2185 1181 2250 F.
1195 2182 1251 2252 ubl

215 2301 406 2356 nouavrmua.
754 2359 756 2362 Α

259 2406 333 2470 224.
348 2390 385 2453 F.
407 2390 626 2454 ΛΕΩΝΙΔΟΥ
649 2391 735 2453 wr
758 2388 1083 2471 auaaauarma]
1104 2389 1189 2455 Haec
1209 2412 1249 2455 ex

214 2489 295 2578 Ejus
308 2489 387 2556 Vita
400 2512 498 2578 quam
517 2490 704 2556 Plutarchus
725 2491 897 2578 scripserat,
914 2513 973 2556 noa
993 2513 1080 2557 nunc
1094 2491 1250 2558 defideras

213 2614 306 2657 muer
330 2604 364 2656 et
378 2591 559 2656 notavimus
573 2591 603 2655 in
622 2591 821 2678 Fragrnentia
835 2591 984 2657 Vrtarum
1001 2593 1104 2656 Num.
1119 2591 1162 2677 γ’.

254 2716 287 2782 p.
305 2712 378 2779 225.
396 2696 439 2758 A.
461 2693 515 2778 β’.]
544 2694 643 2781 Gorgo
660 2715 777 2759 nomen
798 2693 906 2759 uxoris
924 2693 1073 2781 proditur
1085 2717 1105 2758 a
1120 2695 1248 2760 Plutar-

210 2795 274 2862 cho
296 2795 328 2859 in
352 2797 504 2883 Lycurgo
526 2817 559 2882 p.
574 2796 628 2877 48.
648 2794 688 2860 B.
726 2794 909 2883 Conjugial.
935 2797 1091 2881 Praeccpt.
1114 2818 1148 2883 p.
1174 2813 1247 2883 145.

211 2900 248 2964 F.
284 2899 405 2962 Lacon.
432 2896 602 2983 Apophth.
629 2917 663 2984 p.
679 2913 753 2981 227.
773 2898 818 2962 Ι).
854 2897 985 2963 Stobaeo
1005 2918 1039 2983 p.
1055 2898 1109 2961 88.
1146 2898 1248 2987 Gorgo

210 2997 396 3066 Cleomenis
411 2997 474 3061 filia
487 2997 606 3063 dicitur
620 3020 668 3077 ea,
687 2997 744 3063 sub
763 2997 854 3085 cujue
869 2998 1000 3063 nomine
1016 2998 1137 3064 exstant
1149 3001 1245 3086 Apo·

207 3098 424 3187 phthegmata
447 3119 481 3184 p.
496 3116 569 3179 240.
584 3099 628 3162 D.
663 3098 794 3163 Sedeas
809 3121 907 3164 unam
927 3098 1016 3179 facit,
1032 3098 1246 3189 eamdemque

156 3215 158 3221 ’
206 3216 242 3268 et
265 3199 449 3267 Cleomenis
470 3199 567 3264 filiam
589 3215 624 3265 et
641 3199 794 3265 Leonidae
816 3223 948 3267 uxorem
967 3200 1114 3267 nominat
1134 3205 1245 3269 Hero·

207 3305 305 3371 dotua
319 3305 397 3370 Vll.
415 3322 486 3388 139·
502 3303 556 3368 fin.
580 3316 617 3367 ut
638 3301 797 3368 leonidas
816 3302 849 3367 in
868 3302 1074 3368 matrimonio
1096 3304 1246 3372 habuerit

207 3408 303 3474 filiam
326 3390 432 3471 fratria
455 3404 583 3486 uterini,
600 3405 753 3493 liquidem
774 3406 857 3472 hanc
880 3429 990 3473 eorum
1013 3407 1243 3494 cognationem

205 3509 315 3598 prodit
330 3506 517 3573 Herodotus
530 3508 573 3575 V.
586 3507 727 3592 38-41.
762 3508 939 3588 Caeterum,
954 3507 1066 3574 eadem
1085 3509 1245 3576 sententia

206 3614 342 3678 refertur
355 3633 375 3675 a
389 3607 561 3675 Plutarcho
575 3610 628 3674 De
643 3610 804 3676 Herodoti
816 3609 956 3698 Malign.
972 3633 1004 3698 p.
1016 3611 1090 3675 86⁶.
1100 3611 1143 3677 B:
1160 3617 1242 3677 Λεα-

203 3713 391 3800 allas-*arpis
407 3716 455 3790 vla
476 3715 597 3798 γυναῖκα
617 3711 816 3794 πυνθανομένην
835 3711 948 3790 ἐξιόντος
962 3711 988 3776 al
998 3740 1026 3776 τν
1040 3710 1134 3798 λύγον,
1147 3741 1241 3797 prra-

204 3814 313 3906 ςρονφεῖς
326 3814 408 3897 alm,
422 3816 561 3902 Ἀγαθοῖς
574 3819 731 3902 papalem,
745 3815 768 3902 a}
782 3819 885 3900 ἁγαθοὶ
899 3816 1012 3880 σύνισαν.

246 3935 320 4005 225.
337 3919 379 3983 Α.
401 3918 458 4004 γ’.]
485 3917 576 3983 Idem
601 3917 633 3983 in
656 3917 740 3982 libro
762 3918 814 3981 De
843 3916 967 3983 Herod.
992 3916 1132 4006 Malign.
1159 3917 1239 3985 ibid.

202 4023 284 4098 alrif
305 4022 332 4085 li
354 4025 368 4084 ὅ
390 4020 523 4096 Λεοννύδας
542 4023 615 4108 πρὸς
633 4021 685 4104 μὲν
697 4021 744 4083 τὸν
758 4017 867 4083 οἶπύντα
880 4028 1031 4096 παντελῶς
1043 4019 1157 4107 ύλύγονς
1170 4022 1239 4100 ἰξά-

200 4151 260 4211 γπν
274 4125 356 4188 αὐτὸν
377 4124 420 4189 ἐπὶ
432 4127 479 4203 τὴν
492 4121 602 4210 μάχην,
619 4120 738 4196 Πολλνὶς
751 4121 803 4204 pir
819 4119 1018 4206 (addendum
1032 4121 1088 4206 οὖν)
1105 4125 1238 4203 trinke-

200 4226 294 4310 μ’ννς.
