2692 4770
207 318 267 386 998
351 310 450 369 ΙΝ.
469 308 678 370 ANIMADV.
698 308 746 368 IN
765 305 998 367 PLUTARCHI
1017 305 1090 365 LIB.

211 474 324 559 βροτῶν·
352 470 432 553 addas
452 473 480 535 di
501 476 556 546 τοῖς
576 470 675 557 ἄφροσι
697 471 719 557 ‘i
741 468 888 558 ἀχαρίςοις
907 471 930 556 ’i
949 467 1066 546 ἀνοῆτοις
1086 464 1127 528 ὅτι
1146 463 1169 550 ’lt
1191 465 1239 541 nir

211 574 311 647 παντὸς
328 571 420 637 αίτίαν
441 577 541 657 ἀγαθΐι
563 573 673 655 δύναμιν
691 573 713 658 ’i
727 576 817 659 ἀρχὴν
830 574 865 646 ὥς
879 570 1041 650 βλοίτίνσαν
1055 574 1202 652 ὑφορῶνῐαί
1217 566 1240 650 ’i

214 674 329 738 δεδίασι.
376 678 418 738 Et
441 673 622 760 hujusmodi
642 673 771 760 quidem
795 673 888 738 effata
909 671 995 758 apud
1018 667 1240 747 Plutarchum,

214 773 391 853 Platonem,
406 787 439 838 et
453 773 531 838 alios
545 773 763 860 philosophos,
777 772 909 836 minime
922 794 991 836 rara
1006 772 1088 835 sunt.

257 875 433 953 Caeterum,
448 875 481 940 in
495 875 609 940 eodem
623 887 814 960 argumento
836 875 965 938 fuerunt
985 871 1059 937 libri
1072 873 1240 948 Veterum,

204 997 301 1040 muno
315 976 442 1062 perditi.
478 976 637 1063 Antipatri
652 973 798 1065 Tarsensis
812 974 911 1040 Stoici
927 979 954 1038 ir
966 974 1090 1060 τετάρτῳ
1103 975 1171 1060 περὶ
1187 976 1241 1037 δα-

212 1077 382 1161 σιδανρονίας
399 1079 479 1143 citat
499 1078 675 1143 Athenaeus
695 1079 791 1142 VIII.
814 1099 847 1163 p.
862 1079 937 1161 346.
951 1076 1006 1140 D:
1032 1097 1128 1161 quem
1146 1096 1241 1138 eum·

213 1178 289 1245 dem
304 1180 365 1244 elie
378 1192 474 1267 atque
487 1180 695 1266 Antipatrum
711 1177 925 1244 Onirocritam
943 1178 1077 1242 citatum
1096 1177 1240 1240 Artemi·

212 1277 292 1345 doro
308 1283 366 1346 IV.
377 1283 431 1365 67.
447 1304 511 1346 non
526 1281 662 1345 affentiri
675 1280 836 1367 poffumus
852 1279 994 1343 Fabricio
1008 1277 1164 1342 Bibliotb.
1181 1280 1241 1342 Gr.

212 1380 288 1446 Vol.
306 1383 351 1445 ll.
367 1404 400 1468 p.
415 1383 489 1466 388.
505 1379 695 1469 Theophrasti
713 1389 767 1444 τῶν
781 1381 849 1467 περί
862 1381 894 1442 ri
907 1383 978 1443 θεῖον
992 1378 1103 1465 ίςορίας,
1123 1377 1241 1442 citatus

215 1481 391 1568 Porphyrio
412 1484 464 1546 De
484 1483 574 1546 Abst.
597 1483 642 1545 II.
660 1498 690 1563 7.
710 1482 742 1545 8.
768 1479 908 1566 indeque
929 1480 1068 1544 Meursro
1085 1479 1117 1543 in
1129 1478 1239 1543 'lireo-

213 1581 339 1666 phrasto
364 1583 396 1664 §.
414 1582 580 1647 CLXXV.
618 1581 761 1647 Fabricio
779 1580 862 1645 Bibl.
882 1583 940 1645 Gr.
955 1580 1030 1644 Vol.
1048 1581 1092 1642 11.
1114 1601 1148 1665 p.
1166 1599 1240 1665 249.

214 1681 343 1766 Seneca,
369 1684 480 1747 Contra
509 1680 738 1770 Superstitiones,
765 1680 841 1746 testo
861 1680 1040 1766 Augustino
1065 1682 1118 1744 Dc
1141 1681 1240 1747 Civit.

211 1783 276 1849 Dei
289 1786 350 1849 VI.
364 1805 415 1849 ιο.
431 1785 598 1849 Menandri
614 1782 780 1848 Comoedia
794 1783 985 1864 Δασιὸαίραν·
1002 1805 1099 1869 quam
1115 1806 1155 1848 ex
1168 1783 1240 1848 An·

213 1882 355 1970 tiphanis
369 1890 488 1970 Οίανιςῇ
502 1883 721 1970 transcriptam
736 1883 893 1971 judicavit
914 1882 1077 1962 Caecilius,
1092 1897 1130 1946 ut
1144 1885 1242 1949 refert

215 1987 408 2074 Porphyrius
425 2008 478 2072 ap.
493 1986 608 2051 Euseb.
630 1987 730 2072 Praep.
749 1987 870 2071 Evang.
886 1985 930 2048 X.
954 2006 986 2071 p.
1000 1986 1076 2068 465.
1093 1987 1137 2050 D.
1175 1987 1239 2050 Su-

211 2072 315 2173 perest
339 2085 564 2175 Theopbrqstcus
590 2087 762 2151 Charadoer
786 2085 1017 2168 Δεισιδαιμονίας.
1060 2088 1102 2151 Et
1125 2085 1241 2151 eodem

213 2188 376 2275 pertinent
396 2189 491 2252 multi
515 2187 678 2253 Ciceronis
701 2186 775 2268 Ioci,
797 2210 837 2251 ex
856 2187 939 2251 libro
963 2189 1008 2251 II.
1030 2189 1084 2252 De
1103 2186 1239 2253 Divina-

213 2290 314 2370 tione,
329 2304 363 2355 et
379 2292 440 2355 III.
457 2290 509 2355 De
523 2291 648 2354 Natura
659 2291 816 2354 Deorum.

256 2412 290 2477 p.
308 2393 381 2472 164.
395 2392 434 2455 E.
458 2395 514 2466 Τῆς
527 2391 594 2473 oripi
612 2395 681 2453 θεῶν
700 2383 1075 2476 &proiicit-iprensium]
1095 2391 1240 2478 Compa-

211 2493 294 2558 ratio
316 2514 388 2557 vera
408 2506 441 2556 et
461 2490 634 2571 manifesta,
651 2514 670 2556 a
686 2490 818 2556 librariis
838 2491 1013 2569 obscurata,
1027 2492 1241 2558 animadversa

212 2593 379 2681 Xylandro
392 2607 426 2658 et
438 2595 593 2681 Amyoto,
611 2616 675 2657 non
689 2592 766 2657 item
780 2592 849 2655 aliis
864 2588 1100 2676 interpretibus}
1117 2596 1239 2659 nostro-

211 2717 285 2760 rum
307 2695 496 2760 aucioritatc
519 2694 667 2759 codicum
690 2693 829 2757 restituta
851 2694 905 2777 est.
952 2694 1085 2779 Ingenia
1105 2695 1241 2760 ἀντίτυπα

212 2810 441 2883 comparantur
458 2798 570 2882 χωρίοις
589 2800 728 2882 σκληροῖς,
746 2799 845 2858 ἀταλαὶ
861 2796 990 2881 ingenIa
1004 2797 1116 2882 χωρίοις
1137 2803 1240 2884 ὑγροῖς.

213 2899 370 2962 Geminus
384 2898 450 2961 fere
463 2898 506 2961 est
520 2898 609 2962 locus
624 2897 784 2960 Plutarchi
799 2897 831 2959 in
845 2897 921 2959 Vita
933 2897 1104 2961 Alexandri
1119 2920 1152 2983 p.
1167 2902 1241 2981 706.

211 2999 253 3062 Β.
269 2998 321 3062 sed
337 2998 401 3084 Ipse
415 3020 542 3084 quoque
560 2998 642 3062 male
655 2997 783 3061 habitus
800 3021 820 3061 a
842 2997 985 3076 librariis,
1003 3012 1143 3063 tentatus
1167 3000 1241 3086 qui·

212 3099 289 3164 dem
311 3121 370 3164 nec
393 3115 499 3163 tamen
516 3097 701 3163 emendatus
724 3120 743 3161 a
766 3098 889 3162 I'etavio
914 3098 955 3161 ad
976 3099 1116 3163 Tlremist
1137 3123 1170 3186 p.
1189 3122 1241 3186 13.

212 3201 292 3266 edit.
316 3202 403 3266 Flex.
429 3214 463 3266 et
487 3203 537 3265 M.
561 3199 677 3265 Solano
702 3199 742 3263 ad
764 3200 787 3263 l.
805 3200 827 3264 l.
851 3223 869 3262 a
892 3200 1001 3264 nostris
1024 3201 1242 3287 complurium

212 3304 362 3369 codicum
376 3302 533 3389 excerptis
549 3301 594 3365 nil
608 3301 740 3365 medelae
761 3301 884 3380 notius,
909 3302 1033 3365 fortasse
1052 3317 1160 3367 tamen
1176 3305 1242 3370 hu·

207 3405 349 3493 jusmodi
371 3405 494 3470 ratione
512 3404 553 3468 ad
573 3404 737 3468 sanitatem
752 3404 807 3468 nisi
822 3405 996 3490 scriptum,
1012 3422 1098 3471 certe
1112 3408 1242 3474 senten·

213 3508 280 3588 tiae,
297 3507 500 3593 redigendus0
537 3505 634 3580 Οὕτως
652 3506 709 3593 ἄρα
726 3509 803 3569 δεινὸν
815 3509 864 3590 μὲν
878 3507 977 3580 ἀτιςία
990 3511 1061 3594 πρὸς
1075 3514 1113 3571 τά
1127 3515 1203 3588 θεῖα,
1218 3515 1241 3599 οὲ

213 3609 413 3695 καταφρόνησις
434 3612 531 3672 αὐτῶν·
557 3610 634 3671 δεινὸν
654 3610 676 3670 δ’
690 3607 769 3682 αὖθις
791 3617 806 3686 ἦ
825 3611 1028 3690 δεισιδαιμονία,
1050 3611 1123 3687 δίκην
1144 3611 1242 3689 ὕδατος

213 3709 255 3774 oiri
269 3713 341 3796 σορὸς
354 3712 385 3773 τὸ
399 3709 598 3790 ταπεινούμενον
617 3741 637 3798 ‘i
660 3714 829 3795 ἀναπληροῦν
850 3708 1014 3796 ἀὸελτηρίας
1028 3713 1048 3797 ‘l
1064 3710 1145 3794 φίὸοο
1158 3741 1242 3798 γενο-

212 3811 291 3897 μένη.
328 3815 372 3875 Oi
388 3816 440 3893 μὴν
458 3816 538 3874 ἀλλὰ
558 3811 656 3898 καίτερ
670 3810 752 3885 οὕτως
766 3811 837 3896 ἔχων
848 3812 1040 3900 Ἀλέξανδρος,
1052 3825 1190 3899 χρησμῶν
1204 3844 1243 3900 γε

212 3922 266 3978 τῶν
284 3916 351 4001 oripi
371 3913 553 3996 Ἡραιςίοννος
575 3917 606 3976 ίκ
627 3920 690 3976 θεοῦ
711 3913 896 3994 κομιίάἑντοιν,
911 3915 1074 3996 ἀποθέμενος
1091 3921 1122 3979 τὸ
1136 3917 1242 3995 σίν-5ος

212 4014 292 4090 αὖθις
310 4014 337 4092 ἦν
356 4020 383 4078 ἐν
400 4015 511 4089 θυσίαις
525 4015 571 4095 καὶ
584 4016 692 4089 σίτοις.
733 4016 923 4101 Exemplum
945 4016 1030 4080 idem
1053 4020 1188 4084 refertur
1206 4021 1240 4086 in

212 4116 359 4180 homines
373 4116 589 4181 adulatoribus
605 4116 742 4194 deditos,
757 4117 808 4180 De
824 4117 967 4181 Discern.
979 4117 1079 4181 Adul.
1091 4121 1131 4183 ab
1143 4121 1240 4185 Ami-

211 4238 252 4282 co
273 4238 307 4304 p.
322 4220 375 4282 66.
390 4219 437 4283 B:
459 4225 539 4282 τοῦτο
558 4219 670 4301 μάλιςα
690 4221 745 4294 τοῖς
767 4217 879 4298 κόλαξιν
898 4219 1022 4297 exitiales
1042 4218 1087 4300 noi
1105 4223 1240 4307 πλαγίας
