2692 4770
16 858 19 862 .
147 783 499 879 DANIELIS
543 779 1121 877 WYTTENBACHII

338 1103 947 1185 ANIMADVERSIONES

265 1412 338 1506 IN
363 1411 742 1507 PLUTARCHI
768 1410 1020 1504 LIBRUM

195 1738 257 1800 DF.
278 1737 537 1802 SENTIENDO
560 1736 788 1803 PROFECTU
812 1737 862 1801 IN
884 1737 914 1799 V
917 1735 1048 1800 IRTU'I
1053 1734 1086 1796 Ii.

544 2017 725 2048 ...Q-

126 2207 180 2314 P.
196 2269 249 2335 75·
267 2256 309 2317 n.
347 2252 439 2320 noa:
459 2258 519 2316 nn
540 2251 611 2319 rra*
633 2251 836 2319 Arsoorro
866 2255 1030 2315 namon
1055 2256 1157 2314 uro-

127 2357 388 2417 KOIITONIOE
416 2358 483 2416 EII’
509 2355 670 2440 Aperit]
711 2355 912 2416 Memorotur
939 2352 972 2415 in
1000 2351 1158 2436 Lampriae

128 2451 286 2539 Catalogo
299 2456 402 2519 Num.
419 2457 605 2520 LXXXVI.
619 2457 674 2520 ubi
695 2456 815 2541 reliqua
834 2457 927 2519 verba
944 2457 1017 2518 sunt
1033 2455 1158 2532 eadem,

128 2553 240 2617 ultima
264 2554 394 2634 diversa,
423 2559 495 2642 πρὸς
519 2557 626 2642 ἀρετήν.
674 2559 711 2619 In
734 2557 869 2620 Maeotii
893 2555 1160 2641 Chrysoecphalae

128 2655 299 2719 Rhodonia
322 2657 407 2743 apud
430 2659 642 2722 Villoisonum
665 2657 826 2721 Anecdot.
854 2660 911 2720 Gr.
937 2658 974 2719 T.
991 2656 1034 2718 II.
1058 2678 1090 2740 p.
1109 2675 1159 2719 10.

128 2755 205 2818 item
220 2757 340 2821 ultimis
356 2760 582 2823 tantummodo
597 2759 766 2837 diversrtas,
782 2762 820 2820 ἐπ’
838 2759 944 2844 ἀρετήν.
978 2758 1083 2822 Aliter
1097 2760 1158 2823 So·

128 2871 217 2941 pater
231 2858 263 2921 in
279 2860 408 2947 Eclogis
422 2861 509 2946 apud
520 2861 669 2925 Photium
684 2861 767 2925 Cod.
781 2860 898 2947 CLXI.
915 2881 949 2946 p.
958 2879 1034 2943 341.
1049 2858 1160 2934 -ὅπως

128 2956 159 3019 ἄν
174 2985 215 3031 τις
229 2960 393 3024 συναῖθοιτο
408 2968 491 3025 {anri
507 2963 571 3049 argis
585 2965 680 3047 ἀρετὴν
695 2961 835 3034 ἐπιδόντος.

168 3059 352 3144 Disputatio
367 3062 486 3148 speetat
507 3062 653 3125 adversus
669 3061 806 3141 Stoicos,
822 3084 876 3125 eos
893 3074 992 3139 certe,
1007 3061 1064 3146 qui
1082 3082 1159 3146 pro·

127 3159 264 3244 greffum
287 3159 328 3223 ad
350 3161 536 3247 sapientiam
557 3184 661 3226 carere
683 3162 838 3229 levatione
854 3161 1001 3225 vitiorum
1024 3176 1159 3224 conten-

128 3260 261 3324 debant:
288 3284 353 3346 quo
368 3263 497 3326 nomine
513 3263 637 3326 stoicos
652 3261 887 3347 reprehendens
910 3263 1024 3325 Cicero
1039 3263 1090 3325 De
1106 3264 1130 3324 F
1131 3260 1159 3324 i-

128 3362 222 3425 nibus
239 3366 297 3426 IV.
313 3380 367 3446 25.
392 3379 425 3428 et
448 3365 636 3429 Plutarchus
660 3365 744 3429 Adv.
770 3365 868 3429 Stoic.
896 3386 929 3449 p.
949 3368 1042 3429 1062.
1059 3364 1099 3442 C,
1113 3364 1159 3429 D.

131 3465 224 3546 1067.
247 3467 281 3527 F.
311 3466 448 3530 maxime
474 3466 648 3552 fignificant
672 3470 851 3545 Zenonem,
877 3466 1102 3553 Chryfippum,
1127 3479 1161 3531 et

127 3564 184 3650 qui
199 3565 258 3629 hos
272 3565 498 3652 sequebantur:
519 3591 583 3632 non
599 3568 728 3653 quidem
744 3567 933 3646 Panaetium,
949 3567 1169 3647 Potidonium,¹

128 3667 267 3752 aliosque
282 3668 407 3749 firniIes,
428 3669 484 3755 qui
502 3669 586 3732 illius
603 3669 718 3733 scholae
733 3669 928 3749 severitatem
947 3682 1162 3754 temperarent

127 3768 341 3847 humanitate,
364 3770 460 3834 etad
484 3792 690 3835 communem
713 3771 837 3835 sensum
861 3769 1159 3834 accommodarent:

126 3869 238 3953 quoin
252 3890 371 3955 genere
385 3871 483 3935 etiam
496 3871 644 3936 censendi
660 3872 733 3935 sunt
747 3870 950 3949 recentiores,
966 3893 1102 3955 quorum
1120 3868 1161 3933 ad

127 3990 187 4031 nos
212 3984 367 4032 venerunt
392 3970 518 4056 scripta,
544 3972 665 4035 Seneca
693 3970 957 4056 Epist.'LXXV:
996 3970 1162 4067 Epinetun

126 4068 206 4133 Diss'.
224 4071 249 4131 I.
263 4090 295 4150 4.
311 4083 345 4133 et
360 4070 451 4135 alibi:
475 4073 526 4135 M.
542 4071 744 4136 Antoninus:
768 4071 824 4157 qui
840 4071 904 4134 sere
919 4070 1038 4155 ubique
1054 4069 1098 4134 ita
1111 4069 1161 4133 Io·¹
1274 4130 1278 4136 .

127 4185 271 4255 quuntur
285 4171 326 4235 de
345 4174 569 4259 progreffione,
586 4186 624 4236 ut
637 4194 707 4237 eam
723 4195 787 4238 uon
803 4170 901 4238 modo
914 4193 990 4237 cum
1006 4170 1162 4239 levatione

602 4295 626 4339 u
641 4297 662 4340 n
676 4295 699 4357 4
984 4292 986 4298 '

507 4522 802 4656 299294
