2692 4770
249 316 327 368 1008
390 308 428 367 D.
442 309 492 366 W.
514 306 720 367 ANIMADV.
741 304 789 365 IN
809 302 1039 367 PLUTARCHI
1060 306 1135 365 LIB.

292 473 363 535 166.
379 471 422 534 Α.
449 471 605 556 πηλώσεις]
639 470 788 536 Refertur
808 467 848 534 ad
872 468 1035 556 magicum
1062 467 1161 532 ritum
1189 468 1277 555 σηλῆ

245 571 432 659 σσσριμᾶσῑαν,
454 571 494 637 de
516 593 581 659 quo
602 592 641 635 er
666 570 879 636 Demosthene
903 571 956 634 De
978 569 1055 635 Cor.
1083 582 1122 657 p.'
1134 582 1212 655 350.
1231 570 1275 633 A.

246 672 344 737 modo
358 674 553 738 monuimus.
586 676 629 737 Et
643 694 717 738 mox
733 672 815 737 insm
834 695 867 761 p.
886 673 957 737 168.
973 673 1016 736 D.
1031 675 1135 756 ησιμνός
1149 674 1176 734 ἓν
1189 674 1280 755 πηλῷ

245 775 460 856 καλινδούμενος.
496 774 683 840 Herodotus
709 772 753 838 II.
778 776 831 859 85.
856 773 1085 861 AEgyptiorum
1108 786 1201 837 notat
1221 771 1275 835 lu·

244 876 355 940 &umt
388 880 419 940 τὸ
441 883 513 955 θῆλυ
534 877 611 965 γένος
632 885 694 942 weit
715 880 748 941 td
771 883 802 941 ἐκ
825 885 880 941 τῶν
905 876 1009 954 ostensui
1032 874 1135 940 τσὺσων
1156 876 1219 939 κατ’
1240 870 1277 937 ὅν

239 979 389 1042 ἐπλάσατο
402 983 451 1058 τὴν
464 985 585 1064 κεφαλὴν
595 986 695 1067 πηλῷ,
715 979 731 1058 A
745 981 767 1066 σὲ
781 981 815 1044 ri
827 979 975 1065 πρόσωπον
983 1002 993 1059 3
1016 977 1071 1042 ubi
1091 976 1274 1042 Valckena-

244 1080 310 1146 rius
332 1081 442 1146 eadem
465 1083 531 1147 fere
552 1083 661 1148 iisdem
673 1083 777 1148 ¹uerbis
794 1104 813 1146 a
827 1080 972 1146 Diodoro
994 1074 1172 1163 stc'.1.72.
1190 1076 1276 1144 dina

242 1182 388 1266 apponit.
425 1182 577 1248 Aristides
590 1185 648 1250 Or.
663 1184 751 1248 Sacr.
764 1184 803 1247 T.
813 1183 841 1246 Ι.
857 1205 890 1271 p.
899 1197 976 1268 307.
991 1179 1149 1245 incudem
1163 1179 1273 1266 super·

241 1281 377 1362 stitione,
392 1283 543 1371 προσὶταξι
561 1285 718 1371 χρήσαθαρ
735 1289 776 1369 τῷ
792 1289 881 1369 πηλῷ
893 1285 966 1367 πρὸς
984 1287 1024 1367 τῷ
1036 1280 1134 1369 peiuri
1147 1280 1189 1366 τῷ
1203 1286 1273 1368 ἱερᾷ,

244 1384 266 1469 a}
288 1386 436 1465 λσῦσαθαη
455 1387 580 1450 αὐτόθεν·
602 1386 736 1475 σαςέχσσ
756 1385 800 1449 οὖν
821 1385 889 1449 θίαν
903 1385 1035 1464 xusset·
1056 1383 1179 1462 τσσωῖση
1202 1385 1223 1446 δ’
1244 1381 1276 1462 ἦν

242 1491 291 1548 τοῦ
310 1510 343 1548 σε
363 1493 459 1563 σσηλσῦ
474 1488 522 1549 καὶ
539 1494 588 1550 τοῦ
605 1485 681 1572 ἀέρος
698 1493 714 1564 ἡ
732 1487 887 1574 ψυχρότης,
906 1485 960 1559 ὅςσ
979 1484 1089 1574 ἕρμαιον
1108 1484 1275 1567 homimis

241 1589 423 1673 προσδραμεῖν
436 1593 477 1672 τῷ
490 1586 597 1673 φρίσσει·
621 1587 671 1651 καί
682 1612 729 1670 ραι
744 1590 776 1651 ri
790 1586 859 1675 ὕδωρ
874 1589 931 1651 ἀπ’
944 1586 1033 1665 ἄλλης
1046 1585 1134 1662 ἀλέας
1148 1586 1258 1675 ἤρκεσε.

288 1689 360 1752 166.
375 1688 419 1753 A.
442 1687 666 1774 σαθὸασισμσός]
690 1687 877 1754 J'udteorum
899 1706 1000 1767 more,
1014 1685 1190 1752 observatio
1202 1687 1273 1752 sub-

241 1787 344 1869 buthi,
359 1810 417 1876 per
431 1788 558 1877 jejunia
574 1803 608 1855 et
621 1790 762 1876 eorporis
777 1788 994 1855 vexationem.
1018 1787 1150 1855 subinde
1163 1800 1274 1855 notatu

243 1890 397 1955 Romanis
417 1890 624 1977 scriptoribus
647 1889 864 1957 Ecclefiastich
880 1887 1073 1972 ..tentem
1095 1888 1183 1955 unde
1200 1890 1281 1955 Au·-

239 1990 383 2077 gustinus
399 1992 469 2058 civ.
484 1994 529 2058 D.
544 1994 655 2057 XXII.
669 2010 723 2077 30.
733 2010 767 2078 5.
779 1991 980 2080 sabbat'fims
993 1990 1161 2056 evidentius
1174 2005 1273 2082 appa·

240 2091 327 2157 rabit.
358 2092 559 2173 Plutarchus,
575 2106 614 2158 ut
627 2115 678 2158 ree
692 2092 758 2178 ipsa
769 2090 916 2177 ostendit,
931 2112 995 2156 non
1013 2091 1054 2157 de
1065 2090 1190 2159 Judaein
1204 2092 1274 2180 ipso

241 2192 396 2280 loquitur,
418 2193 473 2258 sed
492 2193 534 2259 'de
555 2193 677 2259 Grecis
691 2192 917 2281 superstitiosis,
931 2192 987 2281 qui
999 2191 1132 2259 subinde
1144 2191 1275 2260 illonun

240 2295 321 2360 ritus
335 2294 556 2362 imitabantur.
1084 2312 1088 2319 “

285 2396 358 2460 166.
374 2395 417 2460 A.
448 2400 573 2484 αΙσχρὸς
598 2394 797 2483 προκαθίσεις]
832 2393 943 2460 Secuti
971 2392 1174 2483 Xylnndmm
1200 2394 1273 2462 hec

234 2493 414 2581 junximus,
428 2515 530 2581 quum
544 2492 598 2559 ulii
613 2493 803 2581 interpretes
817 2498 923 2580 αίχρσὶς
939 2492 980 2559 ad
998 2493 1085 2581 ῥίψας
1106 2492 1271 2559 referrent.

240 2597 292 2659 Sic
311 2595 492 2682 προκαθίζειν
512 2607 598 2659 extra
619 2594 735 2658 domum
755 2594 789 2658 in
807 2592 922 2682 publico
943 2595 1086 2680 corfidere
1106 2592 1187 2660 dixit
1206 2596 1274 2662 Dio

242 2695 358 2782 Chrys.
374 2697 430 2762 Or.
448 2718 482 2783 p.
497 2711 573 2782 395.
585 2695 631 2759 D.
667 2695 756 2760 Plato
770 2697 852 2782 Ing.
869 2695 927 2759 IX.
944 2716 975 2781 p.
991 2697 1066 2780 652.
1083 2698 1130 2762 Fe
1153 2695 1187 2761 in
1200 2718 1273 2783 poe·

241 2797 291 2861 nis
314 2810 474 2876 numerat,
495 2802 571 2872 τινας
590 2796 715 2884 ἆρίρρυς
736 2796 824 2884 ἷὸρας,
843 2797 859 2875 η
878 2799 983 2878 ςᾶσας,
1003 2798 1019 2876 ἢ
1040 2799 1220 2885 παραςᾶσας
1238 2805 1274 2877 εἰς

240 2901 351 2988 ἱερά-.
387 2903 567 2967 Menander
585 2901 672 2990 apud
694 2902 905 2990 Porphyrium
924 2904 977 2968 De
996 2904 1120 2970 Abstin.
1143 2907 1202 2971 IV.
1220 2919 1271 2989 15.

240 3023 316 3066 mor
329 3001 555 3088 apponendum
571 3001 661 3067 fimili
674 3003 747 3068 Ioco
760 3024 794 3089 p.
810 3003 881 3068 168.
896 3005 941 3069 D.

287 3104 359 3166 166.
374 3102 417 3166 A.
440 3101 535 3189 δικαίῳ
556 3101 672 3189 ςόρατι]
702 3126 750 3168 ore
759 3102 853 3192 justo,
873 3102 906 3167 id
926 3104 982 3184 est,
1002 3104 1136 3192 antiqua
1155 3105 1275 3192 mustea

238 3205 397 3291 diligenter
410 3216 438 3267 et
452 3215 588 3268 accurate
595 3205 653 3294 jus
663 3207 754 3293 suum
769 3205 938 3270 tribuendo:
961 3205 1100 3271 formula
1114 3228 1179 3271 non
1195 3207 1272 3274 alibi

240 3307 332 3371 nobis
358 3307 531 3371 observata.
577 3307 706 3371 Muficae
728 3305 841 3371 veteris
862 3306 1037 3372 retinendae
1060 3307 1211 3389 studium,
1238 3323 1274 3375 et

240 3407 377 3494 querelae
392 3407 432 3471 de
455 3407 703 3487 innovatoribus,
719 3407 901 3494 frequenter
914 3423 1133 3475 memorantur
1146 3436 1155 3475 ι
1180 3410 1275 3476 Plut-

239 3509 337 3573 archo
351 3510 402 3572 De
416 3500 539 3572 Musica
552 3530 586 3595 p.
598 3527 691 3589 1141.
703 3510 748 3574 D.
771 3507 958 3574 Aristoxeno
971 3531 1026 3597 up.
1036 3509 1161 3576 Athen.
1178 3511 1273 3600 XIV.

241 3635 273 3699 p.
289 3614 364 3697 362.
379 3612 423 3676 A.
448 3611 570 3677 Platoni
585 3614 665 3698 Rep.
676 3614 753 3677 VII.
769 3634 804 3698 p.
819 3629 894 3697 447.
910 3614 948 3677 B.
972 3616 1053 3701 [eg.
1069 3616 1131 3679 III.
1146 3637 1180 3702 p.
1193 3636 1272 3702 594.

240 3716 276 3777 F.
293 3712 378 3776 unde
395 3712 510 3778 Cicero
524 3715 604 3800 Leg.
620 3714 664 3776 II.
683 3728 733 3798 15.
765 3713 853 3779 Dion
871 3714 984 3803 Chrys.
1000 3716 1057 3781 Or.
1073 3717 1218 3781 XXXII.
1235 3739 1272 3804 p.

239 3816 314 3902 380.
331 3815 371 3879 C.
386 3828 420 3879 et
433 3817 527 3902 saepe.

284 3917 356 3981 166.
371 3916 409 3979 B.
443 3921 491 3995 τὴν
513 3918 555 3981 ini
573 3924 627 3981 τῶν
648 3917 824 4003 σπλάγχνων
843 3919 894 3999 μὲν
914 3922 1052 4005 γλὸσήαν]
1082 3920 1158 3984 Non
1182 3922 1274 4006 quod

237 4020 357 4106 linguae
379 4019 540 4106 praecipua
561 4019 642 4085 ratio
664 4018 773 4083 habita
798 4018 888 4082 sitin
911 4021 1085 4106 extispicio,
1108 4020 1161 4085 sed
1183 4024 1275 4107 quod

237 4122 308 4208 ejus
322 4120 477 4185 diversum
492 4122 583 4186 usum
599 4120 632 4185 in
647 4119 776 4185 homine
797 4120 838 4185 ad
859 4120 1067 4207 loquendum,
1088 4122 1120 4185 in
1143 4122 1275 4189 viciima

239 4226 280 4288 ad
299 4223 570 4310 portendendum‚
587 4224 760 4312 fignificare
773 4225 883 4291 voluit.
919 4227 1005 4292 Nam
1020 4248 1058 4290 ex
1072 4224 1201 4311 jecore‚-
1212 4226 1275 4292 he-
