2692 4770
240 318 302 389 ayo
432 304 1083 377 b.w.aumanv.mam'raacn1

239 479 324 566 alyn
343 476 519 546 Plutarcho
540 478 573 544 in
597 476 748 566 Pelopida
768 499 806 566 ·p.
822 478 897 546 186.
909 477 961 542 C:
987 481 1017 542 οὔ
1040 481 1102 566 γὰο
1116 478 1149 542 b
1166 479 1225 572 τοῖς
1241 479 1273 543 ia

238 579 395 664 μταὸολῆς
411 581 560 658 ἀθανάτοις
573 580 723 668 γινομένοις
742 582 876 666 manis
889 585 903 644 b
916 579 1031 665 *ἄγοος
1046 579 1131 666 λόγος
1145 581 1195 643 τὸν
1209 579 1275 644 aab

238 688 332 748 τοῦτον
349 684 539 769 (nalum)
559 683 696 750 buchrin
711 682 845 766 δαίμοσιν·
866 682 958 770 quoti
978 681 1047 747 l.·c.
1069 683 1122 747 De
1136 681 1275 748 Occulta

200 805 204 815 '
237 786 310 850 viv.
326 807 359 872 p.
376 806 470 874 1130.
485 787 528 851 A.
543 787 670 876 πατςὶιος
683 788 706 875 a}
719 785 863 860 παλαιοὺς
874 786 995 868 θοσμοὺς
1007 783 1140 849 dixerat.
1177 783 1274 850 Dlffi·

237 889 299 956 cile
321 891 395 957 sane
415 891 459 958 est
476 892 578 958 ritum
595 893 685 958 hunc
699 891 843 958 antistita
858 889 986 957 Cereris
998 889 1179 976 nuptialem
1196 911 1274 955 cum

232 991 362 1080 publicis
378 989 566 1060 Graecorum
581 995 630 1060 vel
649 997 867 1061 Romanorum
882 991 975 1060 sacris
988 991 1170 1058 conciliare.
1199 993 1272 1059 ·Ce·

235 1114 287 1160 rea
311 1114 378 1158 non
399 1093 502 1160 fertur
528 1095 562 1160 in
585 1094 783 1184 Nuptinlibus
810 1093 906 1158 Diis:
939 1091 1129 1157 Plutarchus
1149 1093 1272 1182 Quzst.

235 1195 331 1261 Rom.
346 1217 379 1284 p.
396 1196 468 1278 264.
484 1196 527 1261 A.
548 1195 692 1284 quinque
706 1206 854 1260 numerat
866 1214 932 1259 non
946 1192 1051 1281 magia
1063 1215 1104 1258 ex
1118 1193 1273 1260 Romania

234 1310 332 1384 'quam
345 1298 469 1363 Graccis
484 1295 632 1364 institutis
644 1323 654 1379 ς
676 1296 755 1362 alm
769 1298 865 1376 balbo(
877 1300 948 1359 θεῶν
960 1292 1011 1370 τοὶς
1024 1301 1187 1380 γαμοῦντας
1201 1294 1272 1361 οἷον·

232 1426 291 1494 ‚aaa
308 1405 375 1476 aaa
387 1401 493 1481 nuta,
507 1401 603 1489 ’Ἦοαο
615 1400 734 1480 πλέος,
755 1398 802 1480 aa)
814 1397 985 1488 'Attalium
1007 1396 1056 1478 ‘wi
1073 1403 1204 1475 noar
1227 1399 1270 1464 bl

232 1507 310 1567 vitot
330 1503 358 1565 δὲ
377 1501 589 1590 Ἀςτίμοδοςη
625 1500 795 1568 Musonius
816 1522 870 1589 ap.
892 1501 985 1565 Stob.
1007 1499 1073 1565 Tit.
1088 1501 1212 1567 LXIV.
1231 1518 1269 1588 p.

232 1620 308 1688 413.
330 1602 489 1683 Junonem,
512 1598 659 1683 Vmerera,
673 1602 825 1666 Amorem.
863 1599 1017 1666 Eudoxus
1029 1599 1201 1667 dubitabat
1218 1613 1270 1667 te·

232 1701 276 1767 ste
291 1701 463 1768 Plutarcho
479 1703 532 1768 De
547 1703 619 1769 Ifid.
634 1714 669 1769 et
682 1702 761 1769 oar.
780 1723 814 1789 p.
829 1716 906 1790 377.
920 1703 965 1768 Α.
987 1710 1053 1776 σῶς
1066 1699 1127 1766 obn
1141 1701 1270 1790 Δήμητρι

230 1806 278 1880 τῆς
296 1810 351 1869 τῶν
372 1806 505 1892 ipoertxciu
525 1803 681 1888 kaprha‘af
700 1802 823 1887 piaccia,
845 1807 925 1868 dm
944 1807 980 1890 ‘qi
998 1802 1089 1868 'lolia‘
1111 1803 1270 1890 pertinuit

229 1903 302 1972 baec
325 1905 483 1972 dubitatio
506 1906 650 1972 adversus
672 1927 739 1987 eoa,
760 1904 817 1992 qui
841 1903 968 1970 Cereris
989 1915 1023 1968 ct
1044 1900 1133 1969 Itidia
1153 1904 1268 1970 eadam

230 2007 365 2074 numirra
378 2008 439 2073 etIc
452 2007 620 2094 putabant,
637 2028 710 2094 quae
719 2006 787 2070 luit
804 2005 981 2070 multotum
996 2004 1119 2093 opinio,
1134 2019 1173 2072 ut
1188 2028 1267 2074 oon·

228 2108 289 2173 ilat
306 2129 345 2174 cx
364 2107 534 2174 Herodoto
551 2109 598 2172 II.
616 2111 689 2196 156.
726 2105 927 2194 Apollodoro
944 2106 991 2171 11.
1004 2126 1038 2170 ·1.
1051 2126 1085 2192 3.
1119 2107 1267 2174 Diodoro

228 2208 294 2275 Sic.
309 2211 339 2274 Ι.
357 2230 407 2292 14.
430 2212 474 2275 V.
490 2210 543 2275 ⁶8.
580 2208 749 2274 Clemente
763 2207 939 2275 Alexandr.
954 2210 1073 2274 Strom.
1089 2210 1118 2273 I.
1139 2229 1174 2296 p.
1188 2229 1265 2295 311.

227 2312 273 2378 D.
295 2311 425 2399 aliisque
439 2310 544 2377 citatio
558 2309 738 2377 Jablonikio
752 2309 867 2375 Pantb.
882 2311 962 2398 AEg.
977 2311 1041 2375 111.
1059 2330 1090 2376 1.
1102 2325 1157 2394 17.
1196 2313 1263 2376 Ita·

229 2432 292 2500 qoe
310 2425 345 2478 et
358 2413 421 2478 hoc
436 2410 567 2478 nomine
584 2410 695 2476 Cereri
708 2409 843 2498 adjungi
857 2423 984 2497 poterat
998 2410 1101 2476 tutela
1108 2410 1161 2476 ·rci
1174 2432 1263 2476 ama·

227 2514 317 2581 toriae
337 2528 371 2581 et
388 2514 554 2602 nuptialia:
576 2527 623 2595 et,
637 2527 675 2578 ut
687 2512 778 2592 solet,
799 2512 869 2577 aliia
886 2512 984 2577 etiam
1003 2512 1188 2578 nominibus
1202 2537 1262 2578 nu-

226 2613 315 2678 mina
329 2613 466 2679 invicem
481 2613 760 2677 transformantur.
799 2611 885 2675 Ceres
900 2611 1012 2675 eadem
1027 2611 1174 2690 habetur,
1191 2633 1264 2699 quac

224 2715 315 2797 εῙοοιο,
331 2728 369 2781 ut
383 2716 429 2782 ait
442 2715 639 2804 Augustinus
652 2716 706 2781 De
720 2714 816 2779 civit.
832 2714 896 2780 Dei
909 2715 988 2781 VII.
1006 2716 1057 2778 16.
1085 2713 1208 2780 Eadem
1221 2716 1264 2782 est

226 2818 291 2898 Itis,
308 2818 409 2897 Rhea,
425 2817 524 2905 dyas:
549 2816 655 2902 γάμος,
670 2830 704 2880 et
720 2816 814 2881 triae:
832 2815 1007 2881 secundum
1021 2806 1262 2883 Nicomachum

223 2917 256 2981 in
271 2917 495 2982 Aritbmeticia
517 2916 604 3002 apud
624 2915 775 2982 Photium
799 2915 884 2980 Cod.
900 2916 1117 2982 CLXXXVI.
1150 2917 1261 3006 Virgi-

221 3019 283 3084 lius
299 3022 376 3084 AEn.
394 3021 452 3085 IV.
465 3021 521 3104 58.
544 3018 585 3083 de
606 3018 736 3083 Didone
753 3018 880 3104 nuptiae
900 3030 1064 3106 quarente
1084 3028 1262 3084 -maatant

222 3118 313 3185 lectas
330 3119 366 3182 de
378 3143 457 3183 more
476 3118 604 3182 bidentes
622 3117 775 3205 Iaegafarae
794 3118 905 3198 Curari,
921 3119 1101 3206 Pboeboque,
1119 3121 1263 3210 patrique

222 3221 324 3308 lyceo,
339 3219 458 3289 ·Juaoni
479 3230 550 3283 ante
567 3241 674 3298 omnes,
697 3219 745 3283 cui
759 3219 863 3284 vincla
872 3220 1002 3309 jugalia
1020 3244 1123 3285 orerae:
1146 3222 1203 3287 ubi
1217 3225 1261 3288 est

221 3323 318 3390 dobba
332 3323 505 3410 disputatio
525 3321 623 3386 Servii
637 3321 678 3386 de
693 3321 809 3401 cauffa,
824 3343 922 3409 quare
933 3323 1026 3388 ·Dooa
1040 3322 1163 3410 nuptiis
1179 3347 1260 3389 con·

221 3427 335 3493 trarioa
349 3424 553 3506 invocaverit,
573 3424 605 3489 in
621 3425 671 3489 hia
687 3425 863 3492 Cererem:
886 3426 920 3492 in
943 3425 1054 3515 primis
1076 3442 1260 3515 opportuna

219 3528 290 3593 bae'c
312 3526 500 3593 annotatio:
529 3525 586 3590 alii
608 3526 721 3606 aaut,
740 3526 856 3614 fovere
877 3528 989 3617 ruptiis
1013 3529 1158 3608 Cererem,
1183 3532 1264 3618 quod

215 3630 316 3718 prima
336 3630 468 3717 nupserit
485 3628 559 3693 Jaoi
575 3628 780 3693 etcondendis
800 3629 926 3694 urbibus
946 3632 1061 3718 praesti,
1082 3643 1117 3695 ut
1140 3631 1259 3696 Calvus

218 3733 309 3812 docet,
333 3738 357 3771 “
368 3732 415 3797 Et
429 3731 507 3820 leges
510 3732 639 3819 sanblcs
652 3731 763 3811 docuit,
779 3742 807 3794 at
820 3755 892 3796 cora
895 3734 1030 3820 jugavit
1047 3733 1176 3821 Corpora
1188 3759 1259 3799 con·

217 3841 244 3876 “
256 3835 367 3916 nubila,
389 3847 418 3899 et
439 3857 567 3922 magnas
589 3833 720 3899 condidit
739 3834 863 3898 urbes.''
900 3837 983 3922 Qua
1001 3836 1199 3923 probabilior
1213 3839 1258 3903 est

217 3937 400 4026 explicatio,
420 3959 516 4024 quam
537 3937 668 4024 reliquae
692 3935 811 4002 ibidem
830 3936 975 4003 traditae:
1000 3962 1134 4026 quarum
1156 3962 1257 4006 unam

217 4043 274 4108 sub
287 4039 387 4108 Servii
403 4040 535 4126 persona
554 4040 651 4104 refert
672 4038 859 4104 Macrobius
873 4041 1033 4107 saturnal.
1049 4044 1112 4107 III.
1131 4063 1183 4109 12.
1199 4044 1256 4108 fin.

218 4143 424 4232 Cognomina
438 4141 564 4207 Cereris
578 4140 758 4229 θοομοφοςος,
780 4139 921 4229 legifero,
937 4143 1058 4210 nemini
1080 4144 1252 4233 ignotum:

215 4246 334 4330 becula,
352 4244 522 4334 fingulare,
537 4243 738 4311 novimuacx
751 4243 903 4312 Pausania
918 4248 1013 4317 VIII.
1031 4263 1082 4335 15.
1100 4248 1154 4317 cui
1166 4248 1253 4316 idem
