2692 4770
227 298 305 372 1190
416 299 456 360 D.
468 300 519 361 W.
538 301 749 362 ANIMADV.
768 301 817 362 IN
837 299 1070 362 PLUTARCHI

160 483 163 489 ’
224 457 346 526 fadum
359 461 525 548 Epictetus
539 465 668 532 Differt.
684 467 710 530 l.
725 485 762 534 2:
778 464 858 554 “0302
872 473 928 541 πῶς
941 461 1153 546 Λακεδωμόνιοι
1168 487 1258 543 pasu-

224 568 348 645 yoiimf,
365 565 501 646 μαθόντες
521 565 560 631 dra
580 565 694 652 εὔλογόν
715 573 766 642 ἐςι·
789 570 821 632 τὸ
840 567 1019 653 ἂπᾶγξαθω
1040 569 1090 628 οὐκ
1113 563 1168 636 kar
1187 561 1245 640 ipo'

221 687 313 748 ρητον·
336 663 401 729 ὅταν
417 674 483 752 γοῦν
501 667 577 756 πάθῃ
594 695 636 745 τις
655 669 695 734 ὅτι
717 669 842 755 εὔλογον,
862 667 992 734 antem
1004 668 1166 753 domato.
1203 661 1258 729 Sic

222 782 282 849 pro
302 767 381 854 μάθῃ
400 768 502 835 edidit
522 772 599 858 πάθῃ
622 773 787 859 Uptonus‚
807 793 867 836 nec
881 784 1013 850 temere,
1024 769 1062 854 ſs
1073 769 1120 832 ita
1133 765 1259 854 afflaret

208 865 257 951 ſst
277 870 375 934 animo
394 872 481 959 quast
495 873 608 937 rationi
625 874 843 961 corfintaneum
855 873 911 958 fit,
924 870 1084 961 suspendio
1097 870 1197 934 vitam
1206 867 1257 955 fi·

219 966 295 1049 nire,
311 971 444 1036 continuo
457 973 560 1039 abieras
570 976 608 1061 sta
614 974 784 1062 suspendit.
821 971 933 1038 Simile
946 970 1034 1037 aliud
1049 970 1093 1035 est
1111 972 1257 1035 laeena

218 1067 277 1134 ιδ’.
292 1093 327 1159 p.
343 1091 417 1156 242.
432 1076 477 1140 D.

262 1190 337 1259 234.
354 1175 395 1241 C.
417 1177 494 1264 aest]
520 1176 651 1243 Omittit
666 1177 757 1242 Harl.
774 1189 811 1241 ut
825 1175 998 1262 repetitum
1014 1195 1055 1239 ex
1070 1170 1121 1238 ιδ’.

260 1292 335 1361 234.
351 1278 395 1342 D.
419 1277 494 1364 aa]
519 1279 767 1344 Conformatum
793 1276 919 1342 videtur
936 1275 978 1343 ad
997 1273 1186 1363 exemplum
1204 1272 1254 1338 di·

215 1372 261 1440 &i
274 1377 506 1461 Themistoclis,
522 1379 610 1467 quod
631 1381 664 1445 in
686 1379 783 1466 hujus
796 1379 875 1444 Vita
893 1378 991 1443 refert
1011 1376 1204 1442 Plutarchus
1220 1398 1253 1463 p.

217 1493 291 1547 112.
309 1479 349 1545 C.
367 1495 401 1546 et
422 1482 537 1547 Cicero
550 1482 642 1547 Tusc.
659 1483 687 1546 l.
705 1502 736 1547 2.
759 1495 794 1546 et
814 1479 982 1546 Demarati
994 1478 1038 1566 vs.
1053 1480 1148 1566 supra
1163 1476 1253 1544 exhi·

214 1578 275 1644 biti
290 1602 323 1666 p.
338 1601 413 1650 22ο.
428 1585 472 1649 Α.

256 1700 331 1768 234.
347 1685 391 1748 D.
414 1682 473 1770 μ’.]
504 1685 562 1750 Nil
586 1685 659 1749 novi
686 1685 836 1750 addimus
856 1683 897 1750 ad
922 1683 1059 1748 nostram
1081 1681 1250 1772 conjedlu·

212 1804 293 1849 ram.
330 1785 423 1851 Harl.
438 1809 567 1874 quoque
581 1786 637 1853 dat
651 1786 845 1852 ἁποκαλέονη.

255 1906 330 1973 234.
345 1889 390 1954 D.
413 1888 492 1976 μα’.]
520 1889 694 1955 Geminum
713 1890 788 1954 huic
807 1889 851 1954 est
872 1886 1051 1954 Alcibiadis
1068 1885 1195 1952 1118111111
1210 1879 1250 1950 α’.

209 2009 244 2076 p.
260 1990 333 2054 186.
348 1991 393 2056 D.
410 1991 492 2055 etin
506 1990 575 2079 ejus
588 1990 665 2058 Vita
683 2013 716 2078 p.
737 2010 807 2076 192.
825 1990 865 2055 C.
902 1990 1011 2056 Semel
1025 1988 1058 2053 in
1076 1985 1251 2053 Plutarcho

113 2122 116 2127 ,
207 2090 362 2176 χοραψίαν
377 2090 441 2156 hoc
455 2089 529 2157 loco
543 2091 701 2180 legimus:
727 2090 805 2156 licet
822 2091 928 2157 Vetus
950 2091 1092 2156 lexicon
1111 2087 1249 2154 citatum

209 2191 376 2279 Stephano
401 2192 496 2257 Thes.
519 2195 558 2258 L.
581 2193 639 2258 Gr.
660 2195 698 2258 T.
715 2195 775 2261 IV.
796 2216 830 2282 p.
845 2214 921 2282 431.
949 2193 1020 2260 aliis
1043 2193 1144 2259 etiam
1169 2192 1249 2259 locis

72 2354 74 2358 ,
207 2290 274 2379 legi
294 2293 441 2358 affirmet.
483 2293 589 2359 locus
616 2293 738 2384 Polybii
763 2294 894 2360 nomine
918 2295 1039 2361 ibidem
1063 2295 1183 2361 citatus
1202 2295 1246 2360 est

206 2395 293 2479 apud
318 2394 452 2460 Suidam
474 2394 506 2460 in
537 2417 626 2462 voce.
668 2395 873 2462 Medicorum
897 2396 1054 2486 χαραψίαν
1079 2395 1247 2463 annotavit

207 2497 324 2563 Poesrus
339 2497 372 2563 in
387 2499 568 2564 OEconom.
585 2499 743 2586 Hippocr.

250 2620 324 2687 234.
341 2605 380 2666 E.
402 2601 480 2687 all]
512 2604 550 2667 ln
574 2602 637 2666 hoc
659 2616 852 2687 argumento
877 2601 951 2666 sunt
975 2601 1137 2670 Laconica
1159 2600 1246 2667 dicia

204 2724 239 2790 p.
256 2722 330 2771 210.
348 2707 383 2768 F.
407 2721 481 2788 217.
498 2703 539 2768 C.
565 2703 606 2767 ad
629 2702 767 2790 priorem
789 2703 897 2767 locum
920 2702 1059 2791 Agesilai
1072 2701 1128 2767 ab.
1153 2702 1246 2790 plura

203 2805 439 2871 annotavimus.
478 2805 590 2870 Codex
602 2807 633 2870 J.
650 2803 826 2890 pleniorem
841 2803 899 2869 dat
914 2803 1148 2869 narrationem:
1173 2811 1243 2868 Χω-

203 2909 251 2982 λός
268 2909 311 2970 ἐπὶ
329 2908 457 2989 πόλεμον
477 2907 565 2985 ἐξιών,
588 2905 832 2972 &assonationes
852 2910 927 2990 αὐτῷ
947 2914 1026 2969 τινῶν
1045 2907 1067 2993 a}
1087 2907 1242 2993 διαγελών-

200 3035 267 3088 των,
282 3011 436 3094 ἐπιςραφεὶς
458 3009 527 3087 alm,
549 3007 646 3083 Kana>
664 3005 794 3090 κεφαλαὶ,
817 3011 846 3070 οὐ
868 3007 1005 3092 φεύγοντα
1024 3011 1064 3071 δεῖ
1075 3013 1131 3084 τοῖς
1145 3025 1242 3074 σολο-

200 3110 272 3193 μῐοις
285 3111 436 3196 μάχεθω,
451 3113 531 3172 ἀλλὰ
544 3108 661 3191 μένοντα
676 3111 697 3196 a}
712 3114 760 3187 τὴν
774 3109 853 3187 τάξιν
868 3109 1047 3191 ocharium.

245 3232 319 3299 234.
336 3215 373 3277 E.
395 3211 474 3298 psl]
502 3210 700 3299 Hujusmodi
719 3211 781 3275 fuit
798 3210 920 3277 didum
938 3211 1120 3276 Callicratis
1142 3213 1242 3298 Spar·

202 3315 281 3395 tani,
302 3315 336 3379 in
358 3336 469 3402 pugna
491 3314 531 3380 ad
556 3313 689 3380 Plataeas
709 3313 833 3401 sagittae
848 3313 977 3379 vulnere
992 3314 1179 3379 morientis:
1204 3328 1244 3380 ut

200 3431 307 3483 narrat
321 3416 508 3482 Herodotus
531 3417 591 3480 IX.
609 3434 661 3501 72.
676 3414 815 3503 indeque
832 3415 1023 3481 Plutarchus
1046 3417 1078 3480 in
1101 3416 1242 3483 Aristide

199 3541 234 3607 p.
251 3538 326 3605 234.
342 3521 380 3583 Ε.
398 3518 612 3605 Effoeminatus
627 3518 716 3603 γύννις
734 3517 767 3581 111
782 3518 844 3582 hac
860 3540 893 3583 re
907 3518 1111 3605 fignificanda
1123 3518 1241 3605 exqui-

198 3623 293 3687 fitum
321 3621 511 3685 vocabulum
541 3622 673 3684 notatur
698 3640 717 3683 a
743 3619 909 3684 Perizonio
940 3619 981 3684 ad
1009 3618 1131 3685 AEliani
1157 3622 1239 3687 Var.

198 3725 281 3791 Hist.
296 3723 376 3786 XII.
395 3741 446 3789 12.
470 3721 642 3786 adhibetur
661 3736 695 3785 et
718 3720 863 3786 Hierocli
885 3721 973 3808 apud
993 3722 1085 3787 Stob.
1109 3744 1144 3809 p.
1159 3743 1238 3811 491.

198 3826 252 3892 cui
267 3823 404 3890 addatur
418 3822 532 3888 Suidas
549 3822 581 3887 in
596 3845 686 3887 voce.

242 3948 317 4015 234.
332 3928 370 3990 Ε.
392 3924 463 4010 pb]
489 3922 682 3989 Notavimus
696 3945 731 4010 p.
749 3924 821 3989 128.
838 3923 879 3988 C.

240 4049 316 4116 234.
333 4032 367 4093 F.
389 4027 461 4114 μή]
492 4026 623 4114 Lampia
646 4025 801 4114 AEgineta
821 4024 954 4091 subinde
975 4038 1177 4089 memoratur
1199 4040 1239 4090 ut

195 4132 364 4199 ditiffimus
384 4133 448 4197 suae
467 4132 571 4195 aetatis
592 4128 759 4194 nauclerus
773 4138 808 4191 et
821 4140 1002 4192 mercator:
1027 4125 1126 4191 veluti
1142 4125 1235 4192 Plut-

196 4236 294 4304 archo
315 4237 368 4303 De
393 4236 473 4321 Rep.
498 4233 575 4299 Seni
594 4233 672 4297 Ger.
697 4252 731 4318 p.
750 4231 825 4316 787.
839 4232 895 4296 A:
920 4229 975 4295 ubi
995 4228 1057 4294 alia
1070 4228 1233 4297 dabimus.
