2692 4770
319 335 537 399 rametam
551 336 850 400 mutarentur.
871 335 1018 414 pieac.
1129 339 1186 393 οοο

154 506 248 572 λοπίς
261 498 308 561 *ὃν
321 501 381 587 περί
400 484 567 586 εὐδαιμονίας
584 501 676 581 τάτον,
695 502 798 567 ίλοοαν
810 500 861 583 μὲν
876 497 1000 582 οὐδεμίαν
1018 482 1188 580 ίομφιίολίαν

154 599 290 683 ίιαύτῷ,
313 601 411 687 μορίας
433 603 459 666 δδ
484 603 622 682 ἐποίησαν.
660 604 697 669 In
721 602 837 668 Stoicis
854 594 1188 689 argumentationibus

89 738 93 743 -
152 718 232 762 eum
251 703 393 768 recenset
412 705 574 769 Lucienus
586 706 690 770 Vitar.
706 703 805 770 Aua.
819 705 859 768 T.
876 705 904 768 I.
920 723 953 789 p.
968 703 1052 786 562:
1074 699 1120 761 τδν
1133 701 1186 760 δι-

150 798 275 884 μίξοιτα,
291 805 338 866 καί
352 807 399 868 τδν
412 806 579 894 κυριεύοντα,
594 806 641 886 καὶ
658 808 699 870 inl
719 809 861 884 ποῖοντὴν
878 802 1051 892 Ἠλέκτραν,
1074 795 1121 876 καὶ
1140 798 1188 862 ric

152 901 408 985 δγιεκαλομμὲνον·
434 904 490 971 ubi
505 907 614 972 Moses
628 907 765 972 Solanue
781 906 932 993 ignorans
947 903 1115 980 rationem,
1137 924 1186 962 κε-

151 1000 270 1088 ράτινον,
294 1019 445 1072 cornutum
456 1008 673 1098 syllogismum,
699 1007 854 1096 subjicere
874 1020 990 1071 tentat.
1024 1001 1127 1070 Petite
1148 1020 1187 1065 ae

151 1101 247 1169 dotie
262 1128 329 1171 rem
345 1108 482 1195 explicat
496 1110 669 1197 Menagiue
679 1109 720 1174 ad
733 1108 916 1197 Diogenem
930 1110 1037 1172 laert.
1053 1105 1098 1169 11.
1113 1102 1186 1167 108.

150 1206 561 1296 complura.sophismatum
576 1235 696 1300 genera
709 1232 892 1298 exponent:
910 1208 1041 1274 erudite
1060 1205 1140 1269 item
1152 1205 1185 1270 J.

152 1307 307 1394 Uptonus
321 1323 354 1375 et
368 1313 439 1377 Jac.
455 1313 613 1380 Harrifiue
627 1312 668 1377 ad
684 1311 824 1399 Epicteti
840 1310 920 1378 Diis.
938 1310 966 1374 I.
985 1330 1043 1395 19:
1066 1319 1099 1371 et
1113 1319 1189 1369 ante

150 1405 214 1503 ¹²⁰⁸.
228 1408 352 1476 dudum
367 1413 481 1478 veteris
498 1413 685 1481 Dialeuicae
703 1413 896 1480 uouiffimus
916 1410 1073 1497 interpres
1093 1405 1187 1474 Ada-

151 1532 227 1575 mus
247 1511 375 1578 Burfiuo
393 1513 426 1578 in
447 1515 528 1580 libro
544 1536 672 1602 perraro
686 1515 855 1580 Dialectica
871 1513 1017 1578 Ciceronis
1037 1507 1188 1594 inscripto

151 1634 188 1700 p.
200 1630 276 1701 452.
298 1616 438 1682 Videtur
450 1620 616 1684 inventum
630 1618 767 1684 Diodori
784 1616 883 1684 Croni
898 1616 939 1681 ab
952 1632 1055 1702 eoque
1067 1608 1100 1677 in
1114 1609 1188 1675 loco

151 1715 194 1782 de
215 1719 307 1798 Fato,
327 1733 414 1785 certe
432 1723 501 1808 εοεςδ
519 1723 636 1786 δυνατῶν
649 1719 811 1785 adbibitus
829 1718 937 1783 fuisse:
965 1715 1017 1781 sed
1031 1712 1116 1781 unde
1135 1738 1187 1811 κο·

152 1817 282 1906 polonos
296 1843 414 1887 nomen
430 1823 601 1911 acceperit,
616 1847 681 1889 non
696 1823 768 1890 satia
782 1834 930 1913 apparet:
948 1833 1058 1884 utrum
1074 1816 1116 1881 ab
1129 1815 1188 1879 im·
1255 1880 1259 1891 ,

146 1923 293 2011 parando,
316 1924 464 2012 exemplo
485 1925 584 1991 duco
605 1949 625 1990 a
645 1925 846 2013 Diophanto‚
868 1920 1088 1989 Themistoclis
1110 1918 1188 1997 filio,

151 2023 194 2089 de
213 2047 279 2112 quo
297 2028 483 2092 monuimus
498 2028 538 2093 ad
553 2050 585 2119 p.
603 2049 630 2092 1.
646 2028 686 2094 C.
704 2050 744 2093 ex
758 2026 928 2093 Faceiolati
944 2023 1072 2089 Aoroafi
1087 2016 1131 2087 II.
1153 2044 1187 2109 p.

152 2143 210 2211 25:
234 2149 275 2193 an
294 2151 314 2194 a
331 2130 458 2194 dominio
475 2130 522 2195 sui
542 2129 685 2218 velseri,
705 2130 792 2195 unde
809 2130 894 2194 idem
915 2125 1114 2193 Facciolatus
1135 2150 1188 2190 κοὁ

152 2227 275 2316 ςιείονοα
296 2230 336 2296 ad
359 2233 506 2319 ignaram
524 2233 622 2298 refert
639 2234 750 2299 Aeros.
766 2234 810 2298 V.
835 2253 868 2322 p.
882 2248 937 2317 57.
958 2229 998 2294 de
1011 2227 1075 2294 hoo
1089 2227 1189 2316 igitur

152 2353 219 2396 non
234 2331 411 2399 statuimus.

198 2453 271 2520 133.
285 2435 325 2500 C.
341 2437 495 2522 ίγκίφαλον
504 2446 552 2502 τοῦ
567 2438 681 2522 φοίνικος
693 2440 814 2525 γλυκὺν]
841 2437 959 2502 Plinius
974 2438 1020 2501 H.
1032 2436 1078 2500 N.
1091 2433 1187 2498 XIII.

150 2558 192 2624 9:
217 2536 324 2602 Dulcis
342 2539 472 2603 medulla
494 2565 594 2603 earum
625 2539 823 2627 (palmarum)
854 2541 887 2603 in
914 2537 1084 2603 cacumine:
1111 2536 1191 2623 qaod

151 2638 301 2703 cerebrum
316 2639 481 2728 appellant.
520 2641 586 2706 Ubi
606 2640 831 2706 Guillandinus
851 2641 938 2706 hunc
958 2636 1121 2706 Plutarchi
1139 2636 1188 2700 lo·

152 2761 228 2804 cum
243 2758 487 2807 commemorat.
1173 2730 1176 2735 ¹

198 2864 270 2930 133.
288 2844 328 2910 C.
351 2845 508 2932 τρωγάλιον
526 2850 553 2909 ἐν
567 2846 660 2933 δείπνῳ
677 2847 827 2932 γλνκδ-]
854 2844 983 2913 Reffluc
997 2864 1056 2930 pro
1070 2846 1097 2907 ίν
1111 2818 1189 2907 dant

151 2947 195 3011 Iri
211 2948 251 3012 E.
266 2948 386 3012 Venet.
401 2947 488 3013 voss.
505 2950 636 3015 Jannot.
652 2950 690 3014 T.
705 2949 750 3014 ad
762 2970 896 3013 conam:
920 2946 1046 3012 videtur
1059 2968 1099 3011 ex
1114 2945 1189 3010 Pin·

150 3049 221 3114 dari
242 3050 328 3115 dicto
350 3049 499 3130 nranafl'e,
519 3050 610 3114 δείτνν
629 3053 656 3114 δὲ
677 3051 809 3137 λήγοντος
826 3051 920 3137 γλνκδ
933 3048 1105 3136 τρωγάλιον,
1118 3069 1188 3112 me-

151 3165 277 3216 morato
293 3152 325 3215 in
342 3152 492 3216 Athenai
508 3154 600 3217 XIV.
617 3175 651 3240 p.
666 3154 740 3234 641.
754 3152 795 3218 C.
818 3152 957 3240 indeque
970 3153 1012 3218 ab
1025 3150 1191 3216 Eustathio

151 3251 193 3318 ad
208 3253 317 3342 odyss.
334 3255 377 3318 A.
401 3275 433 3340 p.
453 3274 546 3335 1401.
561 3276 623 3340 49:
647 3254 818 3322 Clemente
836 3253 1053 3320 Alexandrino
1067 3255 1188 3319 Strom.

154 3356 183 3419 Ι.
208 3377 242 3442 p.
255 3376 332 3442 319.
347 3358 391 3422 D.
418 3356 486 3442 qui,
513 3357 596 3422 forte
617 3356 703 3421 idem
729 3356 935 3423 Plutarchum
958 3355 1101 3434 imitans,
1127 3355 1191 3420 hoo

152 3457 306 3522 transfert
328 3457 369 3522 ad
395 3458 554 3523 sermones
576 3456 688 3523 doctos
710 3457 900 3539 convivales,
926 3460 1046 3523 Strom.
1068 3457 1128 3520 VI.
1154 3478 1189 3543 p.

153 3558 230 3645 695.
244 3558 290 3622 B.
317 3563 366 3634 τῆς
384 3561 551 3637 Ἑλληνικῆς
573 3557 713 3641 &prinlum
734 3558 896 3644 φιλοσοφίας
914 3559 965 3623 οίον
986 3555 1142 3645 τμοιγάλιίν
1162 3584 1192 3625 τι

153 3661 197 3723 aet
212 3665 253 3746 τῷ
265 3659 359 3746 δείπνῳ
373 3659 589 3746 παροψώμενος.
625 3661 677 3725 De
693 3660 752 3725 usu
766 3659 913 3725 vocabuli
926 3658 1083 3744 τρωγάλιον
1096 3657 1193 3725 dubie

153 3759 274 3826 differit
289 3761 468 3826 Athenaeus
482 3761 504 3825 l.
518 3784 548 3827 c.
564 3761 617 3825 cui
631 3760 822 3826 adhibeatur
839 3760 948 3825 Pollux
959 3761 1021 3824 VI.
1034 3776 1074 3848 79
1086 3786 1095 3826 r
1116 3761 1192 3827 Sui·

153 3861 212 3926 das
234 3875 268 3927 et
291 3863 472 3950 Hesychius
494 3862 526 3926 in
548 3885 638 3942 voce,
663 3861 704 3926 ad
730 3863 817 3928 huno
838 3864 870 3927 J.
894 3861 1080 3926 Albertius:
1112 3862 1192 3928 item

152 3963 312 4028 Meursrus
327 3964 422 4029 Misc.
436 3967 558 4029 Ἰάσονι.
575 3965 621 4027 11.
636 3982 686 4030 12.
701 3983 736 4049 p.
745 3979 807 4049 57:
831 3961 1046 4049 spanhemius
1060 3961 1101 4028 ad
1114 3963 1191 4028 Ari·

153 4063 314 4151 stophanis
330 4066 414 4130 Plut.
430 4068 505 4153 798.

198 4185 272 4254 133.
283 4167 324 4235 C.
344 4167 492 4255 ἐξελόντες]
519 4167 619 4234 Haud
632 4166 707 4247 scio,
720 4189 761 4232 an
777 4165 880 4234 verina
894 4166 1022 4254 legatur
1035 4167 1192 4248 δξελόοτος,

635 4289 724 4361 313
