2692 4770
156 405 1189 453 m

121 742 127 752 ·
182 713 523 811 DANIELIS
566 710 1147 811 WYTTENBACHII
1181 756 1198 763 ··

363 974 973 1056 ANIMADVERSIONES

650 1232 692 1276 IN

458 1441 874 1539 PLUTARCHI

346 1717 613 1785 PRAECEPTA
641 1716 993 1784 CONJUGALIA·

558 1996 759 2032 *a

151 2191 325 2301 Suavis
345 2237 388 2300 est
401 2238 534 2303 matoria
548 2236 660 2318 libelli,
676 2236 798 2304 suavior
811 2236 909 2304 etiam
923 2237 1037 2304 forma.
1071 2235 1181 2302 Mate·

152 2337 200 2403 ria
220 2339 404 2404 continetur
425 2341 594 2428 praceptia
615 2339 759 2428 conjugii
777 2339 952 2427 prudenter
966 2336 1183 2404 concorditer-

151 2461 216 2527 que
239 2439 394 2527 degendi:
418 2442 521 2506 forma
534 2441 688 2530 ejusmodi
702 2443 756 2522 est,
771 2464 835 2506 non
854 2454 893 2506 ut
909 2452 1068 2528 praecepta
1082 2439 1184 2526 expli-

154 2555 268 2607 centur
282 2541 377 2608 docta
389 2559 423 2608 et
435 2545 542 2610 subtili
556 2545 782 2631 disputatione,
798 2544 852 2611 scd
870 2559 908 2609 ut
926 2567 966 2610 ex
981 2542 1119 2620 historia,
1135 2541 1185 2605 fa·

153 2643 249 2724 bulis,
271 2645 424 2733 omnique
448 2647 562 2733 puerili
584 2647 778 2721 institutione
799 2660 1019 2736 proponantur
1038 2642 1186 2730 exempla

153 2746 260 2812 brevia
274 2747 328 2812 illa
347 2762 380 2813 et
394 2750 566 2831 manifesta,
582 2750 614 2814 in
629 2749 745 2837 quibua
758 2747 935 2815 admonitio
950 2760 1185 2836 praceptorum
1210 2800 1213 2805 .

152 2848 265 2935 sponte
279 2849 404 2915 eluceat
422 2872 461 2915 ac
478 2850 577 2916 veluti
595 2855 628 2916 in
643 2851 753 2916 oculos
767 2850 926 2917 incurrat:
950 2862 1040 2916 tanta
1054 2846 1185 2936 quidem

153 2971 229 3017 cum
249 2953 486 3038 perspicuitate,
505 2954 669 3034 brevitate,
691 2954 734 3021 ad
753 2951 1000 3043 intelligendrun
1020 2951 1184 3034 facilitate,

150 3045 193 3120 ad
205 3055 460 3141 persuadendum
474 3057 661 3123 efficacitate
675 3070 710 3122 et
722 3055 893 3137 evidentia,
906 3055 948 3123 ad
960 3053 1186 3121 delectandum

151 3157 314 3237 varietate,
330 3171 367 3222 ut
381 3158 426 3222 nil
440 3158 502 3222 hoc
515 3158 625 3224 libello
641 3157 683 3223 ad
700 3157 865 3244 ingenium
880 3170 914 3223 et
929 3170 1059 3223 aetatem
1074 3177 1190 3233 recens,
1215 3166 1219 3173 ’

153 3258 342 3346 conjugum,
357 3259 473 3347 quibus
494 3261 626 3347 scriptus
643 3260 698 3342 est,
719 3259 993 3326 accommodatius
1011 3257 1187 3344 excogitari

152 3361 256 3447 poffit.
287 3361 445 3427 Pollianus
457 3375 491 3426 et
501 3362 672 3449 Eurydice,
683 3361 781 3427 modo
794 3384 834 3427 ex
847 3359 962 3449 puerili
975 3372 1072 3425 aetate
1085 3358 1190 3446 prod·⁴

152 3476 278 3543 euntes,
298 3462 471 3544 Plutarchi,
490 3477 527 3528 ut
540 3463 675 3544 videtur,
690 3463 892 3530 ¹institutione
905 3464 962 3544 uh,
976 3477 1064 3529 certe
1080 3464 1185 3551 Eury·

152 3562 235 3644 dice,
261 3577 299 3629 ut
323 3564 514 3652 intelligitur
535 3588 573 3629 ex
596 3565 698 3631 verbis
720 3565 753 3630 in
774 3564 904 3653 epilogo
925 3564 1032 3652 positis
1053 3586 1086 3651 p.
1103 3582 1184 3650 145:

152 3687 216 3733 non
238 3664 366 3730 aliunde
388 3665 492 3746 nobis,
515 3666 568 3731 nisr
589 3689 629 3731 ex
649 3666 712 3731 hoc
736 3665 899 3732 Plutarchi
920 3664 1040 3745 libello,
1062 3662 1194 3752 cogniti¹

152 3767 234 3832 suut.
273 3767 312 3832 In
335 3767 461 3833 Graecia
481 3790 535 3833 eos
559 3781 663 3849 natos,
685 3767 856 3849 institutor,
878 3766 1084 3833 matrimonio
1103 3765 1184 3854 jun·

154 3869 235 3952 ctos,
266 3869 365 3935 libelli
396 3869 476 3935 ratio
502 3870 674 3957 fignificare
698 3867 834 3935 videtur.
885 3867 1066 3958 Eurydicen
1088 3867 1190 3941 filiam¹

153 3971 316 4037 Plutarchi
336 3970 437 4051 luisse,
460 3970 634 4057 suspicatur
649 3973 680 4037 J.
694 3970 819 4037 Jonsrus
833 3970 884 4036 De
899 3961 1086 4057 scriptorib.
1102 3968 1191 4039 Hit..

152 4064 358 4139 Phil.'111.6.
374 4075 424 4138 18.
445 4094 479 4159 p.
497 4092 557 4160 29:
583 4073 672 4138 nullo
693 4084 898 4160 argumento,
916 4085 954 4136 ut
973 4071 1058 4137 reite
1073 4081 1186 4136 monet

151 4188 334 4257 annotator,
349 4187 383 4240 et
395 4175 568 4264 Menagius
580 4174 709 4240 Differt.
726 4173 767 4239 de
780 4172 973 4241 Mulieribua
988 4171 1186 4261 Philosophia

618 4294 717 4363 3¹14
