2692 4770
148 361 209 419 6⁵2
302 361 397 421 D.W.
417 361 625 424 ANIMADV.
646 363 693 422 IN
714 359 943 423 PLUTARCHI
962 360 1038 420 Lm.
1164 391 1169 399 ι

149 522 336 607 προσάγοντα
349 551 377 587 τ.
388 551 426 610 χ.
440 552 470 589 τ.
485 528 529 611 p]
555 525 720 592 Sententia
733 523 895 612 Euripidis
910 520 1091 610 Hippolyto
1106 535 1178 607 ²53·

148 622 190 688 dc
211 645 275 710 qua
295 624 421 711 copiose
442 625 583 692 disseruit
603 626 847 707 Valckenarius,
869 638 919 706 ut,
936 623 1025 712 quod
1045 619 1180 687 addere-

149 746 235 804 mus,
261 727 353 792 nobis
377 750 442 791 non
466 729 638 815 reliquerit.
677 727 866 794 Plutarchus
889 725 1023 814 subjecit
1043 723 1086 790 dc
1113 723 1182 805 suo,

148 825 419 913 interpretationis
441 828 526 909 loco,
542 829 637 894 aliam
660 829 945 916 comparationem,
961 838 1115 914 tamquam
1127 849 1183 891 ru-

148 927 263 992 dentem
276 928 439 1008 nauticum,
454 930 616 994 amicitiam
629 929 770 1016 relaaans
783 930 877 1008 moda,
888 928 970 994 modo
983 925 1182 1014 adstringens.

149 1030 271 1097 Eadem
285 1031 360 1096 usus
373 1033 417 1095 est
437 1032 470 1097 in
493 1033 584 1120 Reip.
599 1034 677 1098 Ger.
695 1033 793 1098 Praec.
815 1054 849 1120 p.
862 1031 937 1098 818.
949 1030 998 1098 A:
1019 1028 1180 1094 πολιτικό-

145 1134 361 1219 τιςον-μικρόν
378 1134 456 1206 ποδὸς
474 1135 609 1218 χαλάσαι
627 1132 741 1220 μεγάλῃ
762 1132 883 1215 κόμαν-ος
896 1137 981 1218 ἀλκῇ·
1005 1129 1129 1195 civilius
1145 1128 1185 1216 <st
1204 1158 1209 1171 ’

146 1233 308 1320 paululum
326 1234 459 1297 rudentis
481 1233 586 1298 laxare
606 1258 719 1320 magno
742 1234 773 1298 in
786 1234 940 1320 fluctuum
950 1231 1092 1319 sevitia.
1131 1232 1185 1299 Est

149 1347 259 1400 autern
273 1343 345 1410 ποῦς
358 1334 391 1399 in
407 1359 441 1400 re
459 1335 586 1400 nautica
607 1335 736 1404 inferior
753 1334 916 1400 funiculus
928 1333 1001 1412 veli,
1016 1356 1082 1420 quo
1095 1333 1184 1399 luni·

149 1436 225 1501 culo
246 1437 351 1501 velum
368 1436 417 1500 vel
438 1435 653 1523 adstringitur,
672 1436 722 1502 vel
743 1435 938 1502 remittitur:
962 1434 1087 1500 Latinis
1103 1435 1184 1501 item

144 1550 199 1625 pes
212 1536 348 1602 diciturt
372 1535 460 1624 quod
474 1539 541 1623 post
555 1539 633 1602 Laz.
645 1538 790 1626 Bayfium
805 1538 858 1602 De
872 1539 919 1602 Rs
930 1535 1047 1601 Navali
1062 1557 1096 1622 p.
1110 1554 1186 1618 124.

151 1640 246 1704 multi
268 1652 433 1718 notarunt,
462 1638 560 1704 veluti
583 1639 772 1725 interpretes
799 1637 928 1724 Virgilii
952 1639 1031 1704 AEn.
1046 1640 1091 1704 V.
1107 1638 1185 1724 830.

150 1740 215 1807 Jos.
231 1740 373 1826 Scaliger
384 1753 419 1804 et
432 1741 581 1804 Muretus
595 1739 636 1804 ad
658 1738 824 1804 Catullum
847 1741 905 1804 lV.
923 1757 976 1806 21.
1012 1740 1098 1804 Mos.
1121 1739 1187 1804 so-

149 1843 242 1909 lanus
263 1855 298 1907 et
315 1842 390 1908 lib.
410 1842 665 1907 Hemsterbulius
686 1840 728 1906 sd
749 1841 882 1906 Luciani
897 1840 1084 1927 Contempl.
1097 1842 1138 1907 T.
1156 1841 1185 1905 1.

150 1968 184 2032 p.
198 1965 274 2031 493.
311 1947 387 2009 Hoc
407 1944 480 2010 loco
501 1943 690 2015 Plutarchus
707 1955 889 2030 opportune
906 1941 1091 2029 Euripideae
1113 1944 1186 2011 seu-

150 2047 259 2114 tensae
281 2044 406 2132 subjicit
427 2027 699 2132 comparationem
720 2043 776 2130 ips
793 2042 967 2109 usturam
988 2043 1135 2129 sunna
1150 2045 1187 2110 sn
1222 2057 1224 2060 ⁴

151 2148 259 2213 Oreste
274 2149 356 2230 706:
381 2145 439 2226 Ka}
460 2152 522 2221 ναῦς
540 2152 600 2235 γὰρ
621 2150 759 2212 &stativa
778 2147 844 2232 πρὸς
864 2143 931 2223 βίαν
949 2146 1023 2223 ποδὶ,
1039 2143 1184 2223 Ἐὅαψνν

28 2283 31 2288 ·
151 2250 197 2327 int
220 2253 240 2313 δ’
256 2249 346 2327 αὖθις,
367 2248 397 2326 ἢν
416 2254 504 2334 χαλᾷ
523 2249 614 2313 πόδα.
651 2249 735 2313 Usus
752 2247 796 2312 est
814 2261 849 2311 et
869 2246 1046 2333 Sophocles
1067 2248 1188 2336 Antig.

151 2353 226 2434 726.
262 2350 409 2415 Adeatur
421 2361 457 2413 et
470 2347 640 2435 Berglerus
654 2347 694 2412 ad
709 2347 929 2432 Aristophanis
944 2348 1028 2433 Equ.
1042 2366 1121 2432 434.

193 2471 225 2535 p.
238 2451 290 2536 96.
306 2450 348 2513 A.
370 2452 409 2531 μὴ
423 2453 545 2523 πολλοῖς
559 2448 708 2531 iperiani!
722 2448 836 2534 δεξιάν]
863 2446 971 2512 Prodit
983 2447 1190 2514 Jamblichus

152 2551 185 2617 in
203 2551 399 2638 Protreptico
415 2553 467 2617 28.
501 2553 579 2618 Vita
593 2552 783 2640 Pythagorae
797 2551 829 2639 §.
846 2565 919 2636 257.
953 2549 1190 2637 Interpretatur

151 2656 190 2719 L.
208 2654 368 2743 Gyraldus
383 2655 470 2740 Opp.
485 2677 518 2740 p.
533 2656 608 2718 660.

194 2757 247 2840 96.
262 2756 305 2819 A.
327 2757 392 2843 πρὸς
407 2755 528 2818 ἐναντίαν
542 2755 557 2831 ἢ
573 2759 647 2836 μετὰ
660 2762 779 2818 πολλῶν
794 2759 890 2817 παθῶν
905 2752 1044 2835 cirsion]
1064 2748 1190 2817 Adhuc

151 2855 321 2940 probabilis
344 2857 425 2930 mihi
446 2857 570 2922 videtur
584 2856 654 2921 haec
669 2857 762 2935 ratio,
784 2868 823 2923 ut
843 2855 970 2941 legatur
983 2855 1057 2941 πρὸς
1070 2852 1193 2917 imulas

155 2956 217 3036 (vel
229 2960 301 3040 πρὸς
314 2959 346 3020 τὸ
360 2958 488 3038 ἐναντίον)
505 2963 579 3040 μετὰ
595 2984 628 3021 π.
642 2985 675 3021 π.
692 2985 715 3021 ε.
732 2971 770 3021 ut
783 2956 935 3022 vertimus
951 2955 984 3022 in
999 2954 1195 3021 [16111114

151 3055 389 3139 terpretatione.
436 3058 473 3119 ln
500 3061 624 3121 ιίσιῦσαν
647 3057 690 3120 est
711 3055 863 3141 exquisita
884 3055 985 3134 notio,
1008 3054 1191 3143 cujusmodi

151 3156 216 3242 ipse
244 3156 404 3244 usurpavit
429 3157 598 3243 Euripides
626 3156 772 3222 Phoeniss.
791 3157 868 3243 536.
897 3155 1056 3238 φιλοτιμίαν
1078 3179 1190 3244 repre-

150 3260 315 3327 hendens:
348 3261 466 3336 Πολλὰς
488 3265 508 3324 δ’
530 3267 555 3335 ἐς
577 3260 652 3334 sinas
675 3261 722 3324 καὶ
745 3260 845 3334 πόλεις
866 3259 1023 3343 εὐδαίμονας
1045 3265 1190 3339 Εἰσῆλθν,

151 3368 269 3449 κᾴξῆλθῑ
284 3367 323 3426 ἐπ’
338 3363 444 3451 ὀλέθρῳ
463 3373 517 3427 τῶν
536 3363 700 3450 χρωμένωνε
725 3362 781 3427 ubi
795 3362 906 3428 fimilia
920 3360 1029 3427 attulit
1042 3361 1191 3428 Valcke-

151 3464 268 3532 narius.
307 3464 469 3529 Caeterum
483 3464 499 3539 ἢ
514 3463 577 3528 hoc
595 3464 679 3542 loco,
697 3474 734 3527 ut
747 3462 823 3527 alibi
846 3463 969 3548 saepius,
991 3462 1033 3526 ab
1054 3475 1190 3526 antece·

151 3566 248 3631 dente
270 3595 283 3632 ν
305 3578 417 3630 natum
439 3568 503 3643 ell3
526 3564 676 3651 fiquidem
699 3563 750 3628 hse
768 3564 869 3630 literae
890 3585 985 3649 parvo
1007 3561 1193 3628 discrimino

151 3670 328 3734 transversae
342 3669 434 3732 lineae
447 3666 642 3745 differentes,
664 3667 700 3732 H
722 3680 757 3730 et
777 3667 823 3745 N,
846 3664 979 3729 invicem
1003 3663 1192 3749 frequenter

35 3852 42 3859 .,
149 3784 205 3837 aut
220 3785 327 3835 ortum
348 3782 406 3835 aut
426 3769 593 3835 interitum
611 3768 801 3833 attulerunt.
837 3766 947 3831 Veluti
963 3765 995 3829 in
1012 3764 1190 3833 Plutarcho

150 3875 238 3960 Opp.
262 3874 349 3937 Mor.
372 3893 405 3956 p.
424 3890 496 3952 ¹24·
512 3873 550 3935 Ε.
576 3890 650 3956 139.
665 3871 709 3938 D.
737 3871 809 3954 163.
824 3870 867 3932 D.
891 3885 964 3954 729.
980 3868 1024 3930 D.
1049 3882 1126 3953 739.
1147 3871 1188 3933 Ε.

150 3997 225 4063 919.
241 3977 284 4040 A.
315 3993 389 4061 921.
405 3974 449 4037 D.
466 3975 505 4037 E.
528 3992 603 4058 931.
621 3972 660 4035 B.
686 3990 780 4054 1103.
803 3970 847 4033 A.
882 3987 975 4035 1112.
992 3970 1030 4032 Ε.
1055 3971 1188 4057 Fragm.

149 4081 191 4142 V.
207 4098 260 4163 32.
275 4099 347 4164 quae
365 4075 424 4139 suis
445 4075 523 4140 locis
539 4096 559 4139 a
578 4073 670 4138 nobis
683 4070 895 4137 animadversa
917 4072 999 4136 sunt.
1036 4071 1189 4137 Aliorum

150 4181 295 4245 disertius
317 4177 500 4263 apponendi
513 4176 593 4241 loci:
619 4173 759 4239 Platonis
774 4176 854 4260 Leg.
870 4174 966 4238 Vlll.
989 4195 1023 4259 p.
1037 4173 1114 4239 628.
1133 4176 1162 4240 A
1176 4200 1185 4238 1

148 4286 196 4361 τὴν
216 4282 266 4363 μὲν
280 4281 386 4347 κόνισαι
400 4283 576 4366 περιπατεῖν,
590 4279 622 4343 τὸ
636 4277 777 4363 γινόμενον
795 4276 822 4342 li
836 4275 968 4342 πλάτῖειν
980 4301 1024 4355 τι,
1039 4274 1091 4341 οἷον
1106 4302 1185 4363 κηρι-
