2692 4770
147 306 206 372 ³72
339 301 378 361 D.
386 301 438 362 W.
458 300 667 364 numanv.
685 301 735 362 IN
753 298 985 362 eumenem

147 462 182 544 ξ.
195 476 247 548 15.
262 484 295 550 p.
308 463 384 551 489.
407 461 516 530 addita
536 463 678 553 Diogeni
698 464 827 531 Laertio
842 464 881 531 T.
894 464 940 529 11.
960 482 1036 529 nam
1050 460 1071 527 fi
1085 457 1128 526 ad
1142 458 1183 527 fi-

148 562 226 629 liam
250 564 316 652 ipse
340 566 428 631 suam
453 565 614 655 scripsisset
639 567 840 647 Plutarchus,
865 563 1017 632 credibile
1038 562 1082 629 est
1106 583 1185 628 eum

150 666 286 735 certiora
298 666 397 756 hujus
411 668 644 735 necessitudinis
657 667 775 735 indicia
788 667 989 757 proditurum
1003 665 1104 731 luisse.
1132 666 1185 730 A·

144 765 227 834 liam
249 766 347 832 etiam
368 768 473 835 adfert
490 770 646 836 rationem
668 770 830 836 Fabricius
850 768 935 835 Bibl.
953 768 1013 835 Gr.
1026 766 1104 834 Vol.
1119 764 1185 831 111.

149 891 185 957 p.
197 889 279 957 330³
303 869 391 957 quod
411 871 601 938 Plutarchus
618 872 651 937 in
667 871 893 938 Consolatione
910 871 952 936 ad
974 871 1130 948 Uxorem,
1145 867 1187 934 de

151 971 244 1039 obitu
269 972 374 1038 filiolae
396 974 592 1055 limoxenae,
614 975 821 1065 cognominis
842 975 896 1062 ipfi
924 964 1031 1053 matri,
1053 969 1187 1038 bimulae

151 1084 300 1165 mortuae,
316 1070 430 1159 prodat
443 1072 527 1139 hanc
541 1072 611 1162 ipse
630 1075 698 1161 post
718 1088 856 1162 quatuor
874 1072 955 1138 filios
973 1070 1102 1136 unicam
1126 1091 1185 1135 ua·

151 1183 220 1237 tam
241 1172 331 1238 fuisse
353 1174 469 1256 filiam3
492 1175 591 1262 igitur
605 1198 671 1241 non
692 1175 753 1241 etse
770 1174 933 1241 verisimile
954 1173 1049 1238 aliam
1069 1170 1189 1237 deinde

151 1294 228 1338 eum
242 1273 403 1362 suscepisse
419 1275 527 1355 filiam,
543 1276 564 1339 sr
579 1276 710 1363 quidem
724 1299 744 1342 a
757 1275 869 1365 prioris
883 1275 975 1341 obitu
997 1273 1038 1339 ad
1056 1272 1188 1339 alteriue

151 1377 281 1465 nuptias
308 1378 422 1466 viginti
456 1379 626 1444 minimum
660 1379 736 1445 anni
773 1377 969 1444 intercedere
996 1375 1186 1442 debuissent.

151 1483 235 1570 Quae
255 1481 349 1563 ratio,
371 1495 409 1546 ut
425 1503 484 1568 per
505 1481 537 1546 se
558 1504 671 1569 parum
685 1470 780 1560 valet,
798 1481 844 1546 ita
858 1479 904 1545 illi
923 1502 943 1544 a
963 1478 1056 1543 nobis
1077 1476 1190 1564 pofitoe

154 1583 274 1664 addita,
297 1583 464 1671 paululum
488 1585 645 1651 momenti
668 1585 784 1650 adfert.
825 1585 943 1670 Neque
966 1603 1042 1646 vero
1066 1580 1108 1646 de
1132 1579 1190 1645 illa

152 1686 363 1775 cogitandum
382 1687 442 1754 else
460 1689 631 1779 Eurydice,
651 1688 745 1778 cujus
762 1687 884 1753 mentio
899 1685 987 1752 estin
1007 1683 1117 1750 libello
1134 1686 1189 1750 De

151 1787 352 1855 Educatione
372 1794 529 1878 p‚-14.E‚
549 1814 624 1857 cum
638 1814 687 1856 res
700 1789 768 1878 ipsa
781 1787 928 1864 ostendit,
944 1798 1015 1852 tum
1029 1784 1190 1850 diversitas

150 1887 332 1970 nudorum,
359 1902 503 1971 aetatum,
528 1890 748 1977 personarumr
782 1887 849 1968 illa,
874 1906 1087 1973 quaecumque
1110 1882 1189 1962 suit,

151 2001 239 2055 certe
252 1990 315 2054 fuit
327 1989 475 2077 antiqua3
500 1990 571 2056 haec
587 1990 748 2056 Plutarchi
762 1987 911 2077 aequaliet
933 1985 989 2051 illa
1003 1985 1073 2074 jam
1091 1984 1189 2050 adul·

31 2088 36 2095 ¹
150 2103 259 2158 torum
282 2106 385 2158 mater
409 2093 546 2159 liliorum
568 2093 674 2159 literae
696 2091 835 2159 didicisse
857 2089 985 2169 dicitur,
1008 2087 1190 2177 haecvirgo

149 2193 284 2281 puellari
298 2194 330 2259 in
344 2207 440 2260 aetate
451 2194 552 2260 literis
566 2194 690 2261 imbuta
704 2197 757 2261 est.
791 2191 923 2260 Polliani
936 2203 1015 2257 aetas
1029 2189 1190 2278 fignifica-

151 2294 207 2359 t'ur
225 2314 260 2383 p.
278 2310 350 2381 145.
369 2306 403 2359 ut
416 2294 550 2360 habentis
564 2293 636 2384 ὅφιν
650 2294 696 2374 ἤδη
718 2300 884 2380 φιλοσοφεῖν,
896 2296 968 2384 jam
980 2305 1100 2359 aetatem
1114 2290 1189 2381 phi.

149 2393 335 2485 losopbandi,
350 2397 454 2462 sumta
462 2396 549 2463 'virili
561 2400 654 2477 veste,
668 2385 797 2485 expleto
811 2397 1000 2485 plerumque
1021 2416 1107 2460 anno
1128 2394 1190 2460 de·

151 2496 237 2563 citno
259 2498 367 2564 sexto:
391 2522 455 2586 qua
475 2498 516 2564 de
537 2498 711 2564 studiorum
729 2500 907 2564 mutatione
929 2498 1068 2563 diximus
1089 2495 1190 2584 adp.

149 2600 260 2686 3'7aeB‚
275 2598 315 2666 C.
352 2601 520 2667 Ratlortem
529 2601 633 2690 hujus
649 2600 746 2667 libelli
760 2601 826 2688 ipse
841 2599 980 2666 declarat
997 2596 1191 2665 Plutarchus

150 2723 184 2790 p.
203 2702 275 2788 138.
291 2702 340 2768 C:
363 2699 398 2766 ὦν
417 2702 460 2768 οὖν
478 2703 618 2783 ἀκηκόατε
635 2704 781 2780 πολλάκις
797 2706 824 2767 lr
845 2702 993 2788 φιλοσοφίᾳ
1007 2701 1189 2788 παρατρεφό-

151 2829 238 2886 μενοι,
254 2805 396 2888 κεφοΐλοιοοι
410 2806 548 2885 συντάξας
563 2806 588 2870 ir
602 2830 675 2870 τισιν
692 2805 829 2889 ὄμοιᾶιηοι
850 2803 1010 2893 βραχείαις,
1033 2807 1068 2878 ὥς
1086 2807 1190 2885 εὔμνη-

150 2906 268 2990 μὸοιοτοι
281 2912 393 2989 μᾶλλον
407 2907 458 2988 εἴη,
472 2911 557 2973 κοινὸν
570 2908 730 2994 ἀμφοτέροις
744 2908 842 2992 πέμποι
853 2911 991 2995 δῶρον-ι
1007 2930 1102 2972 eorum
1117 2924 1192 2994 qua

150 3024 203 3075 vos
223 3009 256 3072 in
274 3008 456 3096 philosophia
473 3008 565 3073 obiter
586 3009 710 3096 irfiituti
721 3012 807 3099 saepc
821 3008 988 3096 audivistis,
1004 3009 1104 3097 capita
1120 3008 1190 3073 bre·

150 3109 239 3175 vibus
253 3109 285 3174 in
294 3108 546 3197 fimilitudinibtu
558 3110 733 3200 complexus,
749 3111 938 3199 quofacilius
952 3111 1089 3176 memoria
1105 3123 1190 3175 tene-

151 3225 266 3297 rentur,
289 3238 434 3280 commune
456 3215 596 3279 ambobus
618 3216 725 3279 donum
747 3213 845 3278 mitto.-
880 3215 997 3302 quibus
1025 3215 1057 3279 in
1083 3212 1192 3279 verbis

114 3352 119 3361 ·
150 3316 467 3383 animadvertendum
490 3318 533 3382 est
557 3318 809 3406 παρατρεφόμενοι,
832 3319 922 3383 obiter
943 3318 1087 3405 irstitutir
1111 3338 1191 3384 nam

151 3420 258 3486 adhuc
277 3420 405 3486 fuerant
422 3418 577 3508 τρεφόμενοι
599 3417 639 3484 de
661 3419 811 3485 industria
826 3436 860 3485 et
878 3421 1038 3507 propofito
1053 3418 1191 3484 instituti

151 3523 185 3589 in
199 3508 315 3610 puerili
330 3521 504 3609 disciplina,
519 3522 630 3601 literis,
646 3522 761 3609 poetis,
777 3546 849 3611 quae
868 3520 908 3587 ad
928 3521 1189 3587 Grammaticum

150 3625 332 3712 pertinent:
356 3624 397 3690 de
408 3623 616 3713 ¹philosophia
632 3648 696 3690 non
718 3626 772 3690 nist
791 3640 847 3713 per
860 3625 1028 3711 occafioncm
1043 3638 1076 3690 ct
1094 3624 1191 3688 obiter

152 3724 352 3807 audiverant,
366 3750 463 3815 quam
479 3728 644 3793 notionem
661 3728 889 3794 declaravimus
905 3751 938 3816 p.
951 3749 1005 3815 37.
1022 3732 1057 3794 F.

193 3830 358 3892 ΓΑΜΙΚΑ
381 3822 741 3915 nummulum]
767 3830 968 3893 Memoratur
982 3830 1012 3893 in
1027 3829 1190 3915 Lampriae

151 3928 312 4025 catalogo
335 3930 438 3995 Num.
459 3931 593 3996 CXIII:
621 3931 750 4017 Sopatri
770 3930 901 4018 Eulogis
923 3931 1010 4018 apud
1034 3930 1187 3997 Photium

151 4032 234 4098 Cod.
250 4022 368 4098 CLXI.
383 4053 416 4119 p.
431 4048 572 4119 341.13.
591 4026 689 4099 'Stob.
702 4032 769 4098 lit.
787 4033 926 4097 LXXII.
950 4052 984 4119 p.
1001 4053 1189 4120 441-443.

150 4126 342 4199 LXXXIII.
358 4135 475 4220 p.483.
498 4132 680 4198 Macarium
696 4133 1003 4222 Chrysocephalum,
1019 4134 1137 4199 Roseto
1150 4155 1186 4220 p.

152 4246 204 4298 10.
220 4233 253 4299 in
267 4233 433 4303 Villoisoni
449 4233 627 4302 Anecdotls
641 4232 700 4300 Gr.
735 4238 780 4302 Et
794 4233 944 4303 eumdem
961 4235 1049 4302 hunc
1063 4234 1184 4307 librum
