2692 4770
32 408 35 415 ¹
148 343 208 406 700
338 337 441 396 D.W.
461 278 735 397 salutabunt
757 337 987 398 ramanent

100 568 107 577 ,
148 512 216 564 tam
237 507 381 586 vagatur.
417 499 522 587 Igitur
543 500 584 565 de
607 499 689 580 aliis,
711 500 766 588 qui
786 503 853 588 poll
873 498 1081 566 Plutarchum
1103 496 1178 562 fue·

149 613 237 680 runt,
251 600 298 690 nil
311 600 465 667 dicimus:
489 601 529 666 de
544 602 703 689 prioribus
720 603 783 668 hoc
798 625 898 668 unum
917 600 1086 667 addimus:
1112 598 1177 664 Fu·

148 703 251 768 nebres
273 702 424 781 orationes,
439 702 620 791 Epitaphius
633 705 746 770 Graece
758 703 860 769 diuos
875 704 952 769 huic
969 702 1047 768 item
1068 698 1182 787 generi

149 801 307 890 subjectos
322 803 394 882 effe,
407 802 517 890 quales
531 803 651 868 exstant
667 804 846 889 Thucydidis
859 819 892 869 et
912 802 1062 883 Platonis,
1084 799 1184 888 hujus

149 904 183 970 in
204 904 398 982 Menexeno,
413 903 498 968 illius
510 904 556 969 II.
570 923 624 990 35.
640 905 743 993 etqui
757 905 903 970 feruntur
917 903 1102 969 nominibus
1116 903 1183 991 Ly·

138 1006 201 1092 srae
226 1018 261 1069 et
288 1003 497 1091 Demosthenis,
525 1018 559 1070 et
585 1006 641 1091 qui
667 1006 841 1092 perierunt,
873 1006 1010 1092 Gorgiae,
1038 1003 1184 1083 Archini,

152 1107 333 1196 Hyperidis:
356 1121 391 1171 et
404 1107 514 1192 quales
529 1105 660 1172 luerunt
673 1109 890 1172 Romanorum
904 1107 1080 1194 antiquitus
1095 1107 1185 1171 Lau·

151 1208 284 1273 dationes
306 1205 463 1271 Funebres.
499 1209 609 1293 Atque
630 1229 669 1272 ex
694 1207 754 1272 hac
776 1207 1041 1275 animadversione
1062 1205 1187 1270 intelli·

153 1307 280 1396 gendos
292 1309 335 1372 est
345 1306 462 1373 Cicero
473 1308 525 1376 De
538 1308 709 1373 Senebtutc
721 1311 780 1374 IV.
796 1332 860 1395 prae
874 1312 917 1397 Ω.
928 1308 1025 1374 Fabio
1038 1308 1188 1373 Maximo

153 1427 363 1479 contemnens
377 1411 595 1500 philosophos,
609 1413 717 1494 multa,
733 1414 848 1501 inquit,
863 1415 896 1478 in
910 1437 940 1478 eo
952 1414 1020 1479 viro
1032 1412 1190 1500 preclara

152 1515 294 1601 cognovi:
306 1515 367 1601 sed
385 1513 432 1580 nil
450 1513 490 1602 est
511 1515 722 1581 admirabilius
741 1541 832 1604 quam
851 1515 988 1603 momoria
1002 1513 1056 1578 itte
1067 1527 1199 1578 mortem⁴

153 1611 207 1682 Μ.
218 1617 289 1704 filii
304 1616 385 1696 tulit,
400 1617 477 1681 clari
490 1617 554 1681 viri
572 1630 599 1681 et
614 1618 788 1706 consularis:
812 1617 850 1706 est
869 1618 902 1683 in
923 1616 1060 1682 manibus
1073 1615 1188 1680 lauda·

155 1717 214 1784 tio:
237 1743 327 1806 quam
340 1743 404 1783 cum
418 1718 553 1807 legimus,
567 1744 651 1808 quem
671 1720 869 1809 philosophum
883 1743 941 1785 non
953 1718 1191 1785 contemnimus?

154 1821 225 1886 haec
238 1821 324 1887 enim
339 1845 378 1888 eo
392 1823 563 1910 pertinent,
586 1839 625 1890 ut
646 1824 731 1889 Fabii
753 1824 855 1889 oratio
873 1822 915 1888 ad
933 1820 1121 1888 leniendum
1136 1820 1190 1887 lu·

155 1925 257 2005 bium,
283 1925 489 2013 animumque
516 1926 782 2006 confirmandum,
807 1925 957 1991 omnibus
978 1922 1190 2010 philolopbo⁶

156 2047 228 2089 rum
255 2024 526 2093 consolationibus
554 2029 742 2093 frubiuosror
769 2026 989 2114 efficaciorque
1011 2023 1190 2113 judicetur.

155 2126 244 2210 Λόγοι
265 2131 508 2215 aequanimam,
531 2129 564 2194 in
586 2128 661 2193 casu
680 2128 817 2209 funebri,
840 2127 992 2193 sermonis
1014 2127 1190 2193 consuetu·

155 2226 231 2292 dine
244 2229 385 2314 usurpari
400 2229 561 2296 solebant:
585 2230 673 2318 quod
695 2241 786 2296 notat
808 2229 922 2295 Pollux
942 2231 1104 2295 111.100:
1128 2230 1192 2294 Ab·

155 2355 202 2414 γοι
224 2331 251 2392 bi
274 2334 337 2415 ipris
358 2333 601 2418 maguuubnrmol,
623 2332 823 2417 orupnyopruol,
846 2332 1080 2419 mamopnrruol,
1105 2335 1192 2396 rubr·

154 2433 239 2510 rruol,
255 2434 453 2517 σωφρονιςικο),
476 2432 522 2512 aab
538 2439 577 2496 rol
598 2431 688 2516 ὅμοια·
713 2435 776 2519 ἐρεῖς
791 2433 818 2495 bi
833 2432 855 2518 ’b
870 2431 950 2518 λόγοι
966 2432 1114 2516 miriatos,
1130 2438 1193 2498 brt·

156 2536 264 2613 tribuat,
279 2539 401 2619 ἐλεγεῖα,
416 2534 632 2620 ἐπιγράμματα.

201 2655 272 2700 101.
289 2637 324 2700 F.
360 2638 434 2723 πρὸς
459 2637 657 2721 Ἀπολλώνιον]
694 2637 767 2700 Nec
796 2634 892 2722 hujus
922 2635 1101 2722 Apollonii,
1132 2659 1193 2701 nec

155 2738 289 2802 omnino
303 2736 468 2823 Apollonii
483 2736 683 2825 cujusquam,
700 2750 737 2803 ut
751 2737 882 2823 equalis
901 2752 935 2802 et
952 2737 1118 2802 familiaris
1134 2737 1194 2821 sui,

156 2835 188 2898 in
203 2836 332 2922 reliquis
347 2836 469 2922 scriptis
485 2837 632 2901 meminit
650 2836 850 2901 Plutarchus.
952 2887 955 2893 .

200 2957 233 3022 p.
253 2956 324 3002 102.
341 2939 384 3000 A.
412 2936 583 3022 ἀνθρωπίνως
604 2936 689 3024 bigam
713 2940 745 3001 rb
768 2935 998 3021 anniciorum-ss
1025 2939 1198 3003 humaniter

151 3036 235 3120 serre
249 3039 367 3123 crisim·
391 3037 452 3100 vim
475 3037 564 3101 simul
584 3039 718 3103 abiivam
740 3051 774 3102 et
795 3038 941 3124 passivam
964 3038 1081 3104 habet:
1107 3041 1198 3125 prior

157 3143 227 3207 haec
246 3143 300 3220 est,
312 3143 413 3228 ferre,
434 3156 468 3205 ut
482 3144 561 3207 decet
581 3145 722 3207 bominem
742 3146 786 3208 ad
803 3146 1016 3209 bumanitotem
1034 3144 1198 3226 excultum,

157 3268 215 3307 non
238 3243 419 3308 barbarum:
442 3242 541 3308 veluti
562 3244 657 3330 plane
679 3245 905 3332 intelligiture
922 3247 1078 3312 Cicerone
1094 3248 1196 3312 Tulc.

157 3348 202 3410 ll.
219 3349 260 3414 26
272 3371 280 3410 τ
303 3345 473 3409 -barbari
493 3347 609 3432 quidem
631 3359 659 3410 et
681 3348 820 3410 immanes
830 3348 920 3434 ferro
940 3350 1087 3412 dccmtare
1109 3374 1198 3412 acer·

123 3452 125 3458 '
157 3448 230 3511 rime
246 3448 378 3535 poffunt,
397 3459 544 3534 aegrotora
557 3447 690 3511 viriliter
702 3461 867 3536 nequeunt3
895 3448 997 3513 Graeci
1017 3461 1116 3512 autem
1140 3475 1202 3515 non

145 3550 227 3636 sertis
247 3550 379 3634 animosi,
397 3550 570 3637 prudentes,
591 3563 625 3613 ut
643 3548 797 3637 estcaptus
811 3552 971 3629 bominum,
983 3551 1077 3635 sotis,
1093 3550 1201 3638 histem

156 3651 303 3737 adspicere
320 3676 378 3715 non
391 3652 526 3738 poffunt:
551 3652 627 3715 idem
645 3653 755 3716 morbos
777 3651 937 3717 toleranter
957 3666 1048 3740 atque
1069 3653 1202 3718 humane

69 3745 75 3759 ⁸
144 3752 269 3839 strunt.
306 3753 352 3817 At
375 3753 488 3818 Cimbri
510 3765 538 3816 et
560 3753 700 3817 Celtiberi
718 3754 750 3817 in
770 3754 883 3842 preliis
905 3755 1065 3841 effultont,
1080 3753 1201 3820 lamen-

156 3865 261 3920 tantur
276 3854 306 3918 in
321 3855 439 3921 morbo.-
461 3853 541 3919 nibil
558 3855 634 3919 enim
648 3854 738 3942 potest
757 3857 809 3942 effi:
821 3856 980 3943 aequobile,
998 3857 1077 3944 quod
1097 3881 1158 3921 non
1179 3883 1208 3922 a*

155 3968 237 4022 certa
255 3956 368 4022 ratione
385 3955 601 4045 prrficiscatur.
637 3960 724 4045 Ergo
739 3957 880 4023 cernitur
894 3959 926 4023 in
941 3959 1052 4045 primis
1067 3959 1150 4023 ratio
1164 3961 1199 4024 in

157 4059 343 4125 humaniter
367 4059 520 4124 ferendo:
555 4059 648 4146 cujus
673 4059 871 4124 contrarium
899 4060 942 4124 eli
970 4064 1007 4133 εἰς
1034 4057 1199 4145 babinpere&

156 4159 241 4238 niu-in
262 4159 490 4248 augrnrpintbiou
512 4159 592 4248 origo
610 4168 660 4226 τοῦ
683 4169 798 4242 φυσικοῦ
818 4162 840 4247 ’b
862 4161 973 4247 urreis,
995 4175 1032 4224 ut
1055 4161 1201 4248 loquitur

159 4262 348 4328 Plutarchus
372 4263 435 4328 hoc
456 4262 539 4330 libro
561 4284 596 4350 p.
617 4282 691 4344 114.
706 4264 754 4334 D.
796 4265 844 4330 At
863 4264 977 4352 paliiva
991 4264 1124 4330 notione
1139 4266 1209 4344 est‚.
