2692 4770
327 320 480 382 sarran
489 322 673 386 sanam.
683 324 854 403 convrv.
864 321 1014 400 omas.
1120 330 1183 397 φῖ

152 479 321 547 Numam
341 486 470 550 nondam
492 499 567 566 erat,
591 489 710 552 commta
726 486 789 572 fieb
808 485 900 550 snare
921 485 955 549 in
973 483 1113 572 AEgypto
1135 508 1184 549 re·

151 594 268 670 gantae
287 596 318 646 et
340 586 507 652 Artaxerxe
524 588 557 651 in
572 588 691 674 Perside
709 589 787 653 eirca
804 586 925 676 Qmp—
935 588 993 651 80.
1014 584 1079 671 talk
1094 584 1184 650 Stra·

155 684 228 748 bone
243 694 278 770 l).
296 702 390 772 1153.
412 688 518 753 Etiam
534 703 639 754 aetates
649 690 833 778 saepientinm
847 689 931 753 baud
938 687 1019 774 jutis
1031 699 1103 774 apte
1116 710 1186 752 con·

152 800 281 874 gruunt.
319 790 486 855 Periander
509 792 613 857 Solone
633 791 675 878 est
697 792 868 879 antipam.-
891 790 977 854 mitto
993 788 1074 853 asia.
1111 790 1187 854 Hoc

151 889 236 953 mihi
252 893 301 954 ¹est
316 890 476 977 judicium
492 893 579 958 docti
592 893 758 961 ..hominist
783 893 803 956 fi
817 890 980 979 judicium
996 889 1065 955 dici
1085 892 1188 976 potest

154 990 359 1055 temerarium
377 992 499 1058 diuum
520 1008 727 1079 properanter
746 992 919 1058 scribentis.
957 991 1097 1057 nimum
1113 992 1186 1078 quis
1215 1027 1217 1030 ⁴

153 1114 176 1155 a
189 1092 361 1157 Plutarcho
376 1096 567 1161 venustatem
587 1095 811 1181 Xenophontis
825 1094 954 1182 erigat?
980 1093 1042 1157 suae
1060 1093 1187 1180 utrique

150 1193 227 1257 sunt
242 1193 361 1259 dorosa
387 1210 420 1260 et
442 1195 518 1260 huic
537 1197 648 1262 tibetto
670 1199 743 1261 sunt
763 1195 962 1261 Plutarcbeae
978 1194 1089 1274 dotes,
1113 1217 1186 1280 quae

152 1315 213 1357 nee
239 1294 388 1374 tironem,
412 1320 471 1361 nec
495 1298 634 1363 alienum
656 1298 852 1384 scriptorem,
869 1295 1021 1382 prodant.
1057 1295 1186 1362 Deinde

153 1395 242 1480 quod
256 1397 433 1461 Naucratin
449 1398 581 1464 deinum
596 1400 681 1464 circa
700 1399 833 1486 Olymp.
849 1399 901 1461 to.
922 1396 1086 1462 conditam
1107 1418 1184 1483 pro-

155 1496 297 1574 nunciat,
312 1520 378 1562 uno
392 1501 547 1564 Strabone
569 1501 709 1580 austere,
732 1501 776 1564 est
793 1499 857 1563 boc
878 1499 956 1562 item
979 1511 1187 1584 properanter

151 1596 331 1662 scribentis.
360 1600 461 1680 Sane,
482 1601 526 1664 ita
546 1603 661 1666 Strabo
681 1602 791 1667 XVII.
814 1621 848 1686 p.
865 1619 958 1685 1153.
975 1600 1015 1665 C.
1050 1601 1187 1666 atvero

156 1697 343 1764 Herodotus
368 1702 413 1765 II.
432 1704 503 1786 178.
525 1717 641 1782 namot,
660 1703 829 1788 Amaſsdent
854 1700 970 1765 Graecis
985 1700 1187 1765 habitandam

153 1796 261 1883 dediffe
276 1797 458 1879 Naucratim,
474 1824 561 1887 quom
573 1803 642 1885 jam
656 1801 820 1887 antiquitus
841 1802 958 1865 uniam
966 1799 1064 1886 βψ
1074 1800 1185 1885 AEgy·

152 1898 198 1983 ou·
214 1901 383 1986 emporium.
425 1902 604 1967 Athenaeus
620 1904 693 1966 XV.
715 1923 748 1987 p.
763 1903 838 1985 675.
855 1903 890 1966 F.
913 1922 952 1966 ex
969 1899 1185 1988 Polycharmo

154 2001 346 2066 Naucratita
367 1998 464 2068 refert
490 2004 611 2069 sadum
637 2004 753 2068 civium
776 2003 1050 2081 Naucmtitarum,
1068 2000 1185 2066 addito

155 2100 222 2187 ipso
248 2103 325 2167 fatti
353 2120 497 2192 tempore
524 2105 716 2192 Olympiade
738 2105 870 2170 XXIII.
896 2104 1000 2191 Igitur
1021 2102 1107 2169 haud
1131 2116 1185 2168 te.

153 2224 242 2269 mere
258 2206 417 2271 'Eusebius
440 2207 471 2270 in
492 2206 655 2272 Chronico
678 2228 712 2294 p.
726 2208 801 2270 ³116.
817 2218 911 2271 notat
923 2206 965 2271 ad
981 2204 1117 2294 Olymp.
1133 2206 1184 2272 V:

152 2306 249 2370 Mare
270 2307 400 2372 obtinent
422 2309 548 2393 Milesii,
571 2307 848 2396 construxeruntque
868 2308 968 2372 urbem
992 2309 1025 2371 in
1044 2308 1186 2396 AEgypto

154 2406 349 2472 inhaerentia:
378 2411 419 2473 ad
443 2433 538 2496 quem
560 2411 669 2475 Iocum
691 2412 756 2477 Jos.
780 2410 923 2496 Scaliger
946 2409 1030 2474 redte
1055 2409 1185 2496 quidem

154 2521 267 2572 monet
286 2511 347 2574 hoc
368 2533 406 2574 er
427 2513 583 2575 Strabone
598 2512 658 2575 esse
672 2513 833 2576 sumtum:
858 2510 1184 2575 minus·tau1enrette

153 2608 327 2673 Eusebium
355 2611 491 2674 inamoenis
520 2613 735 2700 anachronismi
762 2611 914 2691 accusat3
951 2610 1103 2697 siquidem
1132 2609 1186 2674 bic

153 2709 279 2774 videtur
292 2712 457 2775 Strabonis
476 2713 508 2775 in
529 2727 673 2797 tempore
695 2735 835 2777 errorem
856 2711 1014 2798 corrigere
1035 2709 1184 2775 voluisse:

153 2824 191 2876 ut
216 2812 294 2876 item
322 2813 506 2897 Stephanus
534 2816 614 2900 Byz.
642 2815 674 2878 iu
706 2836 782 2878 voce
808 2813 972 2899 Ναύκρατις
994 2812 1185 2876 Stralmnem

151 2913 254 2978 citans
269 2913 422 2997 temporis
436 2914 569 2978 et-Inari
579 2914 783 2979 mentionem
798 2913 932 2978 omittit.
963 2917 1054 3001 'Ergo
1071 2913 1201 3003 Strabo'

151 3014 201 3080 vel
223 3015 358 3078 aliorum
381 3038 521 3079 errorem
543 3016 669 3081 secutus
686 3016 741 3095 est,
753 3015 806 3080 -vel
826 3016 943 3103 scripsit
957 3014 1112 3100 ἐπῴιησαν,
1126 3015 1185 3078 ha-

152 3116 277 3181 bitatum
301 3118 449 3196 abierant,
476 3116 670 3195 incoluerunt,
695 3140 755 3204 pro
768 3117 900 3196 ἔκτισαν,
926 3118 1131 3196 conase'drrunt,
1153 3116 1186 3181 iu

151 3219 208 3284 illo
229 3220 302 3284 Ioco
315 3221 436 3296 eitam,
459 3221 946 3306 Mtnlatot-nararaopaxlaamr
961 3219 1079 3306 Ἴναρον,
1094 3218 1186 3282 ,πόλιν

152 3318 265 3386 ἔκτισαν
285 3322 463 3409 Nerinorum·
487 3322 543 3386 ubi
565 3322 667 3408 ipsum
682 3322 768 3386 urbis
783 3344 900 3387 nomen
911 3322 1023 3386 ¹vitiose
1039 3320 1186 3406 vulgatur

152 3446 211 3510 pro
234 3424 398 3510 Ναύκρατιν
410 3448 419 3503 ;
449 3423 536 3511 quod
562 3437 595 3487 et
621 3423 777 3488 Cellarius
803 3422 929 3488 monuit
945 3424 1077 3507 Gangr.
1102 3423 1185 3487 Aut.

150 3527 189 3590 Τ.
208 3526 252 3588 ΙΙ.
277 3527 329 3590 De
348 3528 496 3612 AEgypto
518 3548 550 3610 p.
567 3540 618 3606 17.
655 3523 823 3611 Quidquid
845 3524 943 3611 hujus
961 3523 1008 3588 rei
1029 3524 1076 3600 stt,
1099 3536 1186 3587 certe
1300 3542 1304 3553 ‘

151 3627 324 3691 Naucratis
339 3627 430 3712 origo
448 3640 483 3689 et
505 3627 620 3690 Graca
640 3625 716 3689 illuc
735 3624 872 3689 dedusta
885 3623 1067 3689 eolouiaad
1081 3623 1186 3689 musto

151 3730 332 3815 antiquiora
346 3744 490 3813 tempora
505 3750 600 3814 quam
616 3728 656 3792 ad
676 3728 728 3793 Ol.
745 3730 883 3792 LXXX.
901 3727 1076 3792 referendae
1091 3727 1184 3791 sunt:

152 3846 190 3895 ut
204 3832 283 3896 item
298 3832 472 3917 suspicatur
486 3830 905 3896 eruditfflinrus1m10hems
921 3830 953 3894 in
972 3830 1083 3894 Indice
1098 3832 1186 3894 Geo-

149 3934 306 4020 graphico
328 3934 370 3997 ad
392 3933 597 3997 Herodotum
614 3933 739 3998 Gallice
753 3932 875 3996 versum
889 3934 929 3996 T.
941 3933 1037 3996 VIII.
1051 3954 1093 4017 .p.
1108 3933 1185 4016 360.

152 4033 302 4121 Denique
329 4035 362 4098 in
390 4034 502 4098 eadem
524 4034 704 4098 temeritate
729 4031 868 4097 versatur
881 4034 1047 4118 ‚postrema
1072 4030 1187 4096 lleitkii

152 4133 264 4215 ditio,
280 4135 447 4198 Periander
462 4135 564 4201 Solone
577 4133 617 4220 est
629 4134 791 4221 antiquior.
818 4133 915 4219 :Quid
925 4134 1021 4198 -enim
1036 4135 1047 4196 i
1060 4154 1111 4196 an
1134 4131 1186 4196 id-

154 4236 320 4303 circonon
336 4259 401 4302 una
421 4238 696 4323 etsetpot‘uerunt?
721 4239 865 4303 Fuerunt
885 4236 958 4302 sane
972 4234 1185 4301 eodemtem-
