2692 4770
218 357 299 436 nn
405 358 505 436 un.
524 374 736 438 inruant.
757 374 806 436 sn
826 372 1063 436 murnncnr

219 537 360 619 decidere,
378 537 522 622 excidere,
538 534 649 621 delabi,
662 562 737 607 cum
752 538 821 605 aliis
835 539 876 605 de
890 535 986 605 rebus
1007 514 1078 603 tum
1100 533 1144 602 de
1162 534 1268 601 arbo⁴

220 660 292 706 rum
306 640 474 725 frudiibus,
490 642 607 731 pomis,
622 642 718 725 foliis,
735 643 878 723 floribus,
892 640 992 707 veluti
1010 639 1044 705 in
1064 639 1154 726 Opp.
1169 639 1268 704 Mor.

220 763 255 828 p·
269 759 345 830 397.
363 746 397 810 F.
430 762 502 810 100.
520 748 555 811 F.
585 758 660 833 723.
679 747 719 811 E.
750 759 825 831 735.
840 743 885 809 A.
915 760 991 831 907.
1006 741 1059 807 C:
1087 740 1131 805 sic
1152 742 1271 827 ἂπορῥί

218 850 266 922 τῆς
280 846 398 929 μνήμης,
412 845 530 934 effluere
544 849 620 937 quid
640 866 676 920 er
698 846 836 911 memoria
859 868 893 933 p.
907 848 950 928 46
950 859 984 929 5.
1000 845 1040 908 B.
1074 843 1121 906 Et
1139 839 1269 906 Latinis

222 948 409 1034 usurpatum
431 949 522 1014 fimili
539 949 711 1016 tralatione
723 948 842 1037 efflum
854 960 889 1015 et
902 947 1041 1036 defluere.
1078 944 1200 1011 Simile
1215 943 1268 1009 di·

96 1132 99 1138 ,
137 1062 141 1069 '
222 1050 310 1117 etum
333 1052 470 1117 Laconis
485 1054 583 1118 exstat
603 1076 637 1142 p.
655 1052 787 1122 ΜΛ.

267 1174 339 1243 199.
355 1155 398 1220 A.
421 1154 475 1242 κ’.]
503 1156 540 1220 In
562 1154 640 1221 Vita
657 1154 792 1221 Catonis
814 1175 848 1240 p.
861 1172 937 1238 340.
952 1152 998 1218 D.
1018 1150 1132 1217 iisdem
1146 1148 1269 1216 verbis.

222 1256 285 1324 Sed
299 1259 362 1323 hoc
377 1259 451 1324 loco
469 1258 591 1324 variant
609 1257 704 1324 libris
727 1260 805 1332 Jun.
821 1270 855 1321 et
871 1256 962 1321 Harl.
978 1255 1058 1320 dant
1077 1257 1164 1337 -μῆ
1184 1267 1269 1318 πολ·

222 1367 272 1424 λοῦ
293 1362 325 1425 τὸ
347 1358 444 1446 ἄρχειν
465 1364 568 1440 ἀξιοῦν,
591 1358 607 1439 ἦ
628 1364 667 1443 μὴ
688 1360 817 1434 πολλοὺς
837 1364 885 1422 τοῦ
905 1356 1003 1445 ἄρχειν
1024 1353 1107 1435 &fler
1131 1358 1268 1442 ἡγιῖθαΓ

222 1461 443 1527 consentiente
456 1482 585 1548 quoque
600 1459 777 1525 Meziriaco
791 1459 824 1522 in
838 1465 887 1522 τοῦ
901 1456 1010 1546 ἄρχων.

231 1577 236 1589 ·
268 1582 341 1649 199.
358 1562 396 1625 B.
420 1561 491 1647 καῖ]
520 1562 557 1626 In
578 1563 656 1628 Vita
675 1561 809 1626 Catonis
831 1580 865 1646 p.
880 1579 956 1647 340.
971 1559 1017 1624 D.
1055 1556 1192 1624 sestius
1211 1578 1272 1647 pro

224 1661 319 1743 οὕτως,
335 1662 414 1729 daut
431 1662 506 1738 οὗτος
523 1664 615 1729 Harl.
631 1677 663 1729 et
679 1665 714 1728 P.

270 1786 342 1854 199.
362 1767 400 1830 B.
425 1765 499 1854 adst]
528 1766 652 1832 Ibidem
667 1788 702 1855 p.
717 1782 793 1853 345.
810 1764 855 1831 D.
892 1760 1273 1851 Comparanduinvins

225 1866 386 1933 XXXIX.
407 1889 463 1950 41.
509 1870 660 1933 Formam
683 1867 814 1952 τιμητῖαν
838 1867 914 1932 alibi
940 1867 974 1931 in
999 1865 1178 1932 Plutarcho
1205 1888 1272 1931 non

225 1969 279 2035 nisi
303 1969 336 2035 in
359 1971 494 2048 AEmilio
518 1971 616 2037 Paulo
636 1994 670 2059 p.
688 1989 762 2057 275.
777 1973 823 2037 D.
845 1970 1041 2037 invenimus:
1064 1982 1099 2033 et
1114 1969 1182 2034 hoc
1197 1968 1272 2035 loco

225 2074 337 2140 malim
352 2074 440 2162 quod
456 2098 540 2141 unus
556 2076 612 2141 dat
626 2075 818 2140 Harleianus
833 2074 986 2158 τιμητείαν.

272 2197 345 2266 199.
362 2179 401 2242 B.
425 2178 500 2265 κγ’.]
527 2177 651 2243 Ibidem
674 2201 707 2267 p.
726 2180 803 2264 336.
824 2181 863 2243 Ε.
886 2192 920 2243 et
941 2177 974 2242 in
997 2176 1075 2245 Vna
1101 2175 1273 2244 Coriolani

225 2301 260 2370 p.
276 2284 349 2349 216.
365 2283 401 2346 F.

271 2400 349 2471 199.·
362 2383 402 2448 C.
426 2382 493 2471 ulfi]
522 2387 559 2449 In
574 2385 652 2449 Vita
668 2383 802 2449 Catonis
816 2406 848 2470 p.
861 2402 936 2469 341.
954 2385 990 2447 F.

272 2506 345 2574 199.
359 2487 404 2552 D.
428 2487 492 2574 κε’.]
522 2489 645 2553 ibidem
662 2511 695 2576 p.
711 2508 787 2574 342.
802 2489 846 2552 A.

252 2594 256 2598 '
272 2581 345 2676 1'99.
362 2590 407 2654 D.
431 2586 503 2675 κς’.]
530 2589 653 2655 ibidem
670 2612 704 2677 p.
720 2609 796 2675 342.
812 2590 857 2653 A.

272 2709 344 2776 199.
361 2692 406 2754 D.
430 2689 502 2776 κζ’.]
530 2692 653 2756 Ibidem
671 2714 704 2778 p.
721 2710 797 2776 342.
812 2692 852 2757 B.

273 2812 346 2877 199.
362 2795 401 2856 E.
425 2790 493 2878 κη’.]
531 2793 655 2859 Ibidem
679 2816 713 2881 p.
732 2812 809 2878 341.
829 2792 880 2857 A:
912 2814 985 2879 quae
1007 2789 1040 2854 in
1064 2791 1273 2877 Fragmentis

228 2894 352 2981 Polybii
368 2895 509 2960 XXXV.
525 2899 557 2958 6.
579 2895 689 2960 retulit
704 2894 1020 2982 Schweighauserus.

273 3015 345 3080 199.
360 2998 399 3059 E.
423 2995 495 3081 xli]
516 2997 553 3060 In
567 2995 643 3061 Vita
658 2993 792 3059 Catonis
807 3016 840 3080 p.
853 3014 928 3081 343.
941 2995 986 3057 B:
1010 2993 1142 3058 uberius
1158 3017 1270 3059 narra·

226 3096 272 3161 vit
287 3097 437 3184 Polybius
452 3099 602 3183 Excerpt.
618 3096 670 3185 De
685 3097 768 3161 Virt.
784 3110 817 3161 ct
829 3097 898 3159 Vit.
913 3097 952 3159 T.
967 3097 1029 3159 III.
1046 3117 1078 3181 p.
1097 3115 1173 3176 144.
1190 3096 1273 3161 edit.

223 3199 347 3263 'Ernelh
362 3220 458 3285 quern
475 3198 587 3263 locum·
607 3198 639 3262 in
662 3200 791 3285 Fragm.
808 3200 879 3262 XL.
896 3200 928 3262 6.
952 3197 1074 3260 iteravit
1096 3197 1272 3283 Schweig-

227 3301 389 3366 hauseruS.
428 3303 470 3364 Et
485 3324 523 3365 ex
539 3300 638 3364 Corn.
655 3298 787 3385 Nepote
804 3299 914 3363 retulit
929 3297 1053 3362 Gellius
1071 3298 1133 3359 XI.
1151 3299 1182 3361 8.
1220 3300 1273 3365 De

227 3402 291 3466 hoc
313 3401 426 3466 Albini
449 3424 545 3488 opere
566 3402 634 3489 egit
654 3404 697 3467 G.
713 3405 744 3468 J.
760 3402 885 3469 Vossius
906 3403 959 3466 Dc
982 3399 1131 3464 Historic.
1158 3403 1221 3465 Gr.
1244 3402 1273 3467 I.

229 3529 282 3577 20.

274 3631 346 3696 199.
363 3613 398 3674 F.
421 3609 663 3676 ΣΚΙΠΙΩΝΟΣ
679 3612 763 3672 Tot
780 3609 1027 3693 subrasus]
1052 3609 1093 3672 Et
1107 3606 1180 3673 haec
1198 3610 1275 3673 sunt

228 3715 388 3797 Excerpta
412 3734 450 3775 cx
475 3711 573 3798 hujus
601 3712 759 3799 Scipionis
782 3712 871 3790 Vita,
896 3734 992 3797 quam
1022 3712 1052 3774 sc
1078 3688 1275 3775 Plutlrrchus

228 3813 294 3900 ipse
316 3812 460 3899 scripfiffe
483 3815 614 3877 testatur
637 3813 671 3876 in
693 3812 765 3876 Tib.
791 3813 939 3877 Graccho
962 3835 995 3898 p.
1010 3813 1084 3895 834.
1101 3811 1146 3874 D.
1171 3827 1206 3876 et
1231 3812 1274 3876 C.

229 3915 377 3981 Graccho
400 3937 433 4001 p.
456 3915 530 4001 839.
553 3915 600 3978 C:
627 3929 660 3978 et
682 3927 720 3977 ut
747 3914 937 4000 singularem
959 3914 1078 3977 librum
1106 3929 1273 3977 memorat

228 4015 394 4102 Larnprias
416 4016 447 4078 in
474 4016 633 4103 Catalogo
658 4017 725 4080 No.
748 4016 909 4079 XXVIII.
948 4017 1025 4078 Non
1048 4015 1091 4078 est
1114 4014 1274 4079 dubitan-

229 4120 307 4184 dum
333 4120 410 4206 quin
438 4119 628 4184 Plutarchus
654 4120 819 4183 materiam
845 4119 941 4205 hujus
965 4117 1051 4183 Vitae
1074 4117 1273 4204 potissimum

228 4221 395 4308 collegerit
409 4244 449 4290 ex
461 4221 587 4286 duobus
601 4220 786 4308 graviffimis
803 4220 1021 4305 scriptoribus,
1039 4220 1200 4308 Scipionis
1225 4245 1273 4285 ae·

227 4320 374 4411 qualibus
387 4339 420 4389 et
435 4323 656 4404 similiaribus,
668 4322 801 4413 Polybio
812 4336 846 4388 et
859 4323 1015 4405 Panaetio,
1023 4345 1163 4411 quorum
1176 4338 1272 4390 uter·
