2692 4770
174 293 234 362 rer
365 273 1014 356 n.tt.nitttitnv.1ttmmttcttt
1076 292 1080 299 ·

176 450 368 540 Opportune
388 456 532 524 Davifiue
552 457 620 524 huo
637 446 786 523 adhibuit
805 468 839 522 et
859 455 947 521 hunc
971 448 1134 519 Plutarchi
1155 452 1156 460 ’

175 575 252 620 cum
273 570 307 623 et
327 558 503 642 Ciceronis,
518 560 654 627 Amicit.
670 561 741 626 1112
758 578 851 622 -me
871 560 930 647 ipse
949 554 1084 643 consolor,
1097 562 1156 616 ⁶¹¹

172 656 251 722 aime
272 656 325 726 illo
335 660 460 752 solatio,
475 663 555 753 qiud
569 687 600 728 eo
621 686 717 728 errore
737 675 831 742 careo,
850 684 905 748 quc
927 660 1086 723 amicorum
1098 654 1156 735 Μ,

169 758 305 851 plerique
320 765 395 853 angi
404 764 514 854 solent.
551 760 644 831 Nihil
653 761 729 830 enim
743 763 818 829 mali
833 761 960 850 Scipioni
973 755 1104 846 acndiffl
1118 770 1156 846 pu

158 858 247 926 >mibi
270 864 390 948 accidit,
400 866 437 953 fi
456 867 533 956 qaid
550 867 682 933 accidit:
702 866 769 956 sair
789 877 887 931 auten
910 861 1094 928 imomnodie
1119 883 1156 925 on

170 985 231 1030 non
241 966 444 1058 amicum‚serl
450 973 489 1056 se
502 965 595 1060 ipsum
608 971 738 1036 amantis
752 967 800 1056 etl.
834 969 937 1034 Bruto
949 968 977 1031 1.
991 964 1032 1029 de
1046 962 1156 1028 Hottet

171 1066 282 1134 obitu:
304 1070 431 1135 —illius
444 1094 513 1137 vero
527 1071 627 1138 mortis
637 1069 880 1161 opportunitatem
894 1065 1095 1133 benevolentia
1108 1077 1156 1152 pot

169 1191 260 1254 quam
275 1171 470 1258 misericordia
490 1176 709 1263 prosequamur,
729 1185 764 1237 ut
778 1173 1006 1261 quotiescunque
1018 1167 1056 1231 te
1077 1165 1156 1254 clary]

169 1294 214 1336 nto
236 1285 265 1337 et
291 1273 448 1362 beatiffimo
469 1278 537 1342 viro
559 1275 726 1365 cogitemus,
749 1275 834 1339 illum
852 1272 1061 1363 potiusquam
1080 1271 1156 1359 noste

169 1372 243 1469 ipsos
264 1375 390 1464 diligere
409 1377 579 1443 videamur.
615 1374 698 1442 Nam
712 1376 748 1463 fi
765 1376 801 1440 id
823 1373 966 1453 dalmat,
987 1371 1067 1459 quod
1087 1394 1121 1435 eo
1133 1372 1156 1458 j

156 1474 233 1559 frui
246 1477 328 1542 nobis
342 1504 401 1543 non
415 1478 482 1545 licet
491 1502 502 1560 ς
525 1478 652 1567 nostrum
670 1479 758 1567 estid
772 1476 905 1543 malamr
929 1476 1009 1564 qnod
1027 1473 1156 1560 modice⁸

168 1577 283 1657 ramus,
302 1601 339 1641 ne
353 1578 389 1642 id
407 1604 464 1645 non
477 1580 521 1644 ad
533 1578 705 1658 amicitiam,
718 1579 780 1665 seri
795 1580 839 1642 ad
856 1571 1035 1660 domesticam
1045 1570 1156 1638 utilitat

167 1673 278 1760 referre
294 1678 451 1745 uideamur
462 1707 472 1746 .·
483 1681 550 1766 ſsu,
566 1692 719 1769 tamquam
740 1677 788 1743 illi
807 1676 977 1742 acerbitatis
991 1672 1114 1764 aliquid
1124 1696 1156 1747 ae

167 1775 256 1858 tlerit,
272 1781 434 1866 angimur;
446 1782 597 1870 summam
611 1782 672 1870 {jus
681 1777 864 1867 felicitatem
882 1777 1035 1865 nonsatis
1052 1787 1147 1863 grato

165 1878 244 1945 nimo
265 1881 506 1971 interpretamur.
542 1882 694 1973 Ejusdem
710 1880 842 1947 rationis
856 1881 899 1945 est
916 1878 996 1944 illud
1015 1878 1048 1944 in
1064 1870 1156 1964 Epio

166 1980 209 2046 ad
224 1972 347 2048 *litium
369 1983 490 2049 Divers.
505 1985 548 2051 V.
564 1987 624 2050 162
650 1984 765 2070 Quare,
775 1984 812 2070 fi
824 1981 880 2046 tibi
897 2004 991 2046 unam
1011 1981 1065 2044 hoc
1084 1979 1156 2045 terr·

162 2076 261 2170 potest,
276 2108 314 2148 ne
326 2085 403 2173 quid
421 2086 470 2166 iis,
485 2109 554 2174 quos
569 2084 684 2173 amasti,
700 2082 774 2148 male
789 2094 877 2172 pater
890 2081 1049 2169 contigisti,
1068 2078 1156 2168 perito

165 2191 228 2248 tum
249 2185 306 2249 erit
323 2210 360 2251 ea
380 2176 501 2252 m'o'erore
520 2200 570 2252 tuo
591 2187 781 2251 AEminutum.
819 2183 1012 2272 Relinquetur
1031 2187 1110 2247 enim
1120 2181 1156 2268 fi

159 2280 233 2373 plen
242 2285 313 2374 jorn
327 2284 472 2353 illatura
486 2286 595 2354 doloris
617 2287 673 2368 tui,
688 2309 759 2376 quae
772 2308 830 2350 non
844 2307 908 2349 mm
922 2283 986 2348 illis
1005 2283 1156 2348 commi

166 2385 259 2468 bitur,
270 2389 332 2476 sed
351 2389 396 2454 ad
414 2401 442 2454 te
455 2389 548 2478 ipsum
563 2389 684 2478 proprie
703 2387 867 2476 rqp'ereturr
889 2387 922 2452 in
935 2410 996 2475 qua
1008 2409 1066 2451 non
1080 2383 1121 2470 est
1129 2385 1156 2475 j«

160 2490 331 2576 gravitatis
360 2516 398 2557 ac
411 2492 573 2580 sapientia
600 2505 670 2573 tuae,
696 2515 786 2581 marn
811 2506 845 2555 tu
866 2516 888 2555 a
910 2506 1000 2578 puero
1027 2487 1156 2576 prastitrj

152 2592 243 2680 ferre
267 2593 485 2662 immoderatius
507 2597 603 2685 cresum
627 2595 866 2660 incommodorum
890 2606 1015 2672 taonem,
1037 2593 1092 2681 qui
1100 2593 1148 2678 fit

162 2718 270 2779 eorum,
298 2723 368 2787 quot
396 2699 547 2780 detexam,
573 2698 688 2786 miseria
716 2697 850 2784 maloque
866 2697 1031 2786 sestertius.
1077 2693 1156 2760 Sene

164 2797 328 2885 Consoht.
347 2800 389 2867 ad
407 2798 574 2890 Polybium
598 2799 679 2887 Cap.
693 2799 845 2864 XXVII:
868 2797 954 2862 Illud
965 2820 1077 2885 quoque
1089 2820 1156 2884 mag

162 2899 219 2965 titt
243 2905 300 2968 erit
321 2905 498 2984 levamento,
510 2905 546 2990 si
554 2905 640 2993 sape
660 2914 689 2970 te
697 2904 747 2990 ſse
767 2901 1023 2988 interrogaveris.-
1056 2900 1156 2964 Utnen

161 3012 222 3067 meo
245 3005 358 3069 nomine
380 3005 471 3085 doleo,
494 3031 535 3070 an
557 3005 685 3094 ejusqui
699 3002 842 3090 deceffitl
870 3003 904 3066 Si
918 3026 977 3066 meo
987 3026 997 3081 3
1025 3002 1108 3088 perit
1126 3025 1156 3066 m

160 3104 359 3193 indulgentia
371 3108 512 3196 juttatio,
534 3121 562 3172 et
583 3107 686 3194 incipit
700 3106 784 3172 dolor
801 3107 854 3170 hoc
872 3129 931 3170 uno
951 3104 1105 3191 excusatus
1119 3128 1156 3194 qu

161 3204 292 3293 ioneslus
316 3207 366 3295 est,
388 3232 450 3273 cum
473 3209 517 3273 ad
540 3209 699 3274 utilitatem
717 3206 843 3295 respicit,
866 3231 886 3270 a
904 3206 1016 3295 pietate
1037 3205 1155 3293 descisco

160 3307 251 3375 Nebit
270 3321 368 3376 autem
388 3310 484 3375 minus
505 3311 571 3375 viro
590 3311 661 3376 bono
676 3309 822 3390 corruerit,
837 3332 926 3398 quam
940 3307 972 3372 in
982 3305 1101 3393 fratris
1114 3307 1156 3373 lut

161 3410 287 3477 taletelor
303 3428 420 3502 ponere.
461 3410 495 3476 Si
510 3411 593 3478 illiue
610 3414 723 3477 nomine
736 3410 830 3491 doleo,
846 3411 949 3500 necasti
965 3409 1003 3496 est
1018 3409 1156 3475 alterutri

161 3538 198 3576 en
219 3514 264 3578 bis
280 3515 393 3580 duobus
410 3515 470 3601 effe
476 3515 622 3602 judicem.
661 3513 743 3578 Nam
753 3514 791 3600 ſs
811 3513 911 3577 nullus
933 3513 1080 3598 defunt‘tis
1090 3515 1156 3601 serq

149 3614 292 3702 strperesl,
307 3614 400 3700 eoastt
414 3614 510 3680 omnia
520 3615 627 3702 frater
640 3638 719 3679 meus
732 3614 807 3678 vita
820 3613 1010 3693 incommoda,
1030 3624 1059 3676 et
1079 3613 1113 3678 in
1132 3637 1156 3678 ιι

159 3713 306 3801 restitutus
320 3715 358 3802 etl
370 3715 474 3798 ionem,
490 3717 521 3781 in
534 3741 591 3805 quo
598 3718 721 3804 suerat,
736 3729 894 3805 antequam
908 3719 1085 3802 nosieretur,
1101 3727 1132 3780 et
1144 3741 1156 3780 e

157 3831 226 3904 pers
240 3818 331 3883 omnis
345 3818 430 3900 mali,
445 3820 492 3884 nil
504 3820 595 3901 timet,
610 3819 658 3884 nil
669 3821 760 3908 cupit,
776 3819 824 3885 nil
840 3820 967 3907 patitur.
1007 3820 1083 3906 Quis
1097 3820 1156 3909 esti

147 3914 256 4007 soror,
274 3934 330 4008 pro
343 3944 373 3986 eo
393 3946 439 3985 me
452 3944 613 4012 numquam
626 3921 725 3987 dolere
741 3922 877 4010 dqinere,
895 3921 947 4010 qui
963 3944 1125 4009 numquam
1141 3948 1156 3988 ι

158 4022 268 4088 liturus
282 4022 343 4111 est?
366 4022 400 4089 Si
418 4023 458 4115 est
473 4025 583 4115 aliquis
602 4024 749 4113 defunttis
760 4027 876 4115 sersus,
895 4049 973 4091 nunc
986 4014 1157 4114 animuesr

160 4126 214 4190 tris
230 4127 295 4206 mai,
309 4125 394 4192 velut
412 4151 449 4192 err
468 4128 582 4193 diutino
604 4150 718 4193 carcere
737 4127 859 4215 emiffies,
874 4129 992 4192 tandem
1000 4127 1056 4214 sui
1065 4126 1152 4218 juris

157 4227 290 4319 arbitrii,
311 4226 411 4319 gestit,
436 4242 464 4297 et
480 4245 579 4298 rerum
600 4240 722 4298 notura
731 4226 901 4318 spectaculo
918 4229 1058 4319 fruitur,
1080 4240 1110 4295 et
1131 4231 1156 4297 br
