2692 4770
153 337 215 400 σου
289 309 1068 405 u.w.tmumr.'1rrmurmcrr11.u.·‘

155 501 313 568 mosthen.
336 525 369 591 p.
385 505 459 591 845.
474 506 518 573 F:
541 506 685 592 φεύγοντος
702 507 730 570 li
750 509 834 571 αὐτοῦ
855 505 942 587 βάτον
955 498 1130 583 laudibus
1141 505 1190 579 τῆς

153 604 360 690 >chelle-e

200 726 254 792 94.
264 709 299 772 F.
323 712 497 804 Ζιῦξις-εῐς
509 711 620 798 πολύν]
645 711 795 778 Acumen
811 709 900 789 diffi,
914 707 990 774 huic
1012 706 1086 772 loco
1102 704 1189 770 resti·

155 816 266 873 tutum
290 810 391 874 nostru
412 812 620 893 correctione,
645 811 872 878 restituendum
892 811 971 875 item
992 808 1085 874 alteri
1102 807 1191 887 loco,

155 908 213 974 ubi
227 909 312 976 idem
324 927 469 978 narratur
481 936 501 978 a
515 914 686 980 Plutarcho
700 914 733 979 in
755 913 874 978 Pericle
888 934 921 1000 p.
938 927 1009 997 159.
1025 911 1059 975 D
1073 935 1082 974 t
1107 910 1193 993 φασὶν

153 1012 347 1102 Ἀγαθάρχου
359 1023 408 1079 τοῦ
424 1016 558 1104 ζονγςᾶφυ
576 1016 656 1101 μέγα
668 1023 820 1104 φρονοῦντος
834 1017 876 1079 ivl
891 1020 930 1099 τῷ
942 1014 1022 1098 ταχὺ
1035 1008 1082 1091 *Ol
1093 1010 1192 1098 Pell*

95 1127 100 1136 '
154 1117 193 1177 τὰ
208 1117 265 1196 ζῶα
278 1121 370 1197 ποιεῖν,
385 1118 545 1182 ἀκούσαντα
557 1121 603 1181 τὸν
616 1122 712 1196 Ζιῐνξιν
725 1120 815 1197 εἰπεῖν,
827 1112 909 1201 Ἐγοό
923 1117 945 1179 δ’
959 1118 985 1178 ἦν
998 1119 1097 1198 πολλῷ
1113 1113 1190 1200 xpt-

154 1241 209 1301 ep:
232 1217 289 1281 ubi
306 1218 326 1281 sr
341 1217 495 1284 scribatur
514 1217 596 1303 Ἐγὼ
616 1220 643 1281 u
662 1223 766 1302 πολλῷ
784 1219 889 1304 χρόνῳ,
912 1214 973 1282 erit
994 1236 1132 1279 acumen
1156 1214 1190 1279 in

153 1317 365 1404 ambiguitate
379 1316 469 1383 multo
483 1331 618 1406 tempore,
632 1333 666 1384 et
679 1319 768 1384 multo
782 1318 918 1407 tempori:
935 1316 968 1380 id
981 1317 1036 1394 etl,
1051 1315 1083 1378 ιἰι
1098 1315 1193 1378 nullo

154 1429 290 1506 tempore,
311 1433 356 1500 et,
380 1421 413 1484 ιἰι
436 1420 561 1486 multum
583 1433 704 1508 tempus.
741 1419 901 1507 Apposuit
917 1419 981 1484 hoc
1004 1416 1130 1482 dietum
1152 1429 1192 1481 ut

152 1519 252 1606 vulgo
267 1521 367 1586 fertur
379 1521 412 1586 in
437 1521 599 1587 Plutarchi
613 1523 692 1588 Vita
706 1521 833 1588 Periclis
848 1522 884 1585 F.
897 1519 1013 1586 lunius
1029 1517 1191 1606 Catalogo

121 1680 133 1703 ,
152 1619 325 1693 Artificum
346 1644 380 1708 p.
399 1642 472 1710 233.
510 1622 621 1688 Simile
643 1621 784 1709 prodidit
799 1621 840 1687 de
853 1619 1005 1707 Euripide
1019 1618 1106 1706 apud
1120 1619 1191 1685 Va·

65 1791 67 1795 ,
152 1721 267 1788 lerium
291 1723 473 1789 Maximum
496 1725 559 1789 111.
584 1742 615 1809 7.
645 1726 775 1788 Extem.
799 1744 834 1790 1:
868 1724 975 1810 Itaque
997 1721 1085 1785 etiam
1112 1722 1194 1808 qnod

152 1823 298 1909 Alcestidi
312 1825 425 1913 tragico
442 1837 536 1913 poeta
550 1826 707 1914 respondit,
727 1823 902 1914 probabile:
925 1822 1010 1910 opud
1027 1845 1113 1908 quem
1126 1846 1192 1886 ουιοο

151 1939 333 2013 quereretur,
348 1930 428 2016 quod
448 1952 478 1992 οο
500 1929 598 1993 triduo
619 1952 677 1992 ιιοοι
694 1927 779 1994 ultra
798 1938 856 1990 tres
872 1927 973 2011 versus
986 1923 1114 1988 οιιοιιὶοιιο
1131 1923 1189 1987 ιὀιι·

148 2029 236 2116 penso
258 2029 357 2093 labore
376 2029 517 2097 deducere
532 2030 681 2118 potuiffet,
703 2042 793 2116 atque
814 2029 839 2092 is
852 2030 891 2115 se
903 2040 1025 2091 centum
1044 2024 1193 2114 perfacile

141 2129 289 2217 scripſsffl
305 2130 500 2218 gloriaretur,
523 2131 625 2197 “Sed
643 2132 706 2210 boc,
728 2130 839 2218 inquit,
856 2128 982 2214 intergst,
997 2129 1078 2217 quod
1097 2130 1143 2192 tui
1159 2129 1192 2193 ιὀι

151 2235 178 2271 “
192 2230 325 2298 tomum
339 2233 550 2311 tantummodo,
565 2231 620 2295 mei
634 2254 704 2296 υονο
726 2231 757 2295 in
773 2255 854 2297 οοιιοιο
867 2242 979 2318 tempus
988 2228 1145 2316 sufficient
1154 2233 1190 2295 .·”

151 2329 209 2395 ubi
232 2352 350 2399 nomeu
374 2331 488 2418 tragici
508 2330 675 2399 Alcestidis
699 2331 779 2396 mihi
804 2354 870 2396 nou
891 2331 994 2418 magis
1017 2330 1189 2417 cognitum

151 2453 250 2519 quam
262 2434 294 2497 J.
305 2433 348 2498 A.
361 2431 505 2500 Fabricio
520 2432 604 2498 Bibl.
622 2434 729 2498 Graec.
742 2432 819 2498 Vol.
833 2434 860 2496 Ι.
877 2455 910 2518 p.
923 2434 997 2516 665.
1012 2431 1139 2518 semper
1151 2446 1190 2498 ut

151 2532 341 2600 mendosum
368 2532 496 2612 occidit,
520 2546 554 2598 et
576 2533 621 2598 ita
643 2532 769 2598 fortasse
793 2532 1043 2620 corrigendum:
1080 2534 1190 2622 ltaque

150 2640 240 2704 etiam
265 2641 345 2729 quod
364 2640 421 2706 alii
442 2640 519 2704 idem
539 2640 650 2728 tragico
671 2651 765 2728 φονίαν
787 2639 983 2726 respondit«.
1021 2636 1188 2702 Caeterum

150 2739 216 2805 hoc
231 2740 315 2822 loco,
331 2739 378 2822 »ol
390 2746 449 2831 γὰρ
462 2745 498 2817 ἐς
510 2743 616 2820 πολὺν,
631 2740 729 2805 etiam
744 2738 821 2803 dant
836 2738 914 2826 Xyl.
930 2740 1019 2802 Mez.
1037 2739 1187 2824 Exempl.

150 2843 252 2907 Turn.
275 2844 410 2930 Amyot.
435 2866 494 2908 nec
517 2844 659 2908 multum
672 2841 790 2907 diverse
802 2844 842 2908 Τ.
856 2843 899 2906 V.
923 2847 949 2905 ἑν
969 2848 1075 2927 πολλῷ
1092 2842 1189 2929 χρόνῳ

150 2943 264 3028 γράφειν
278 2946 314 3016 εἰς
326 2943 431 3006 πολύν.

194 3063 248 3128 94.
264 3046 299 3107 F.
321 3043 515 3129 συνημερεῦιιν]
542 3044 584 3108 C.
600 3044 817 3131 συνδιημερεύειν,
834 3044 920 3131 quod
937 3043 1110 3108 Plutarcho
1123 3043 1187 3108 uli-

151 3145 249 3209 tatius
264 3145 325 3209 est:
350 3145 437 3233 Sylla
457 3165 490 3231 p.
505 3147 581 3226 468.
598 3145 639 3210 C.
662 3147 868 3233 συνδιημερεύων
882 3151 937 3221 τοῖς
950 3148 1011 3234 περὶ
1024 3149 1072 3209 τὸν
1085 3147 1189 3211 Διόνυ-

149 3234 363 3333 οοντὲχνίτιιις.
399 3245 538 3311 Lucullo
558 3269 590 3333 p.
607 3263 683 3333 519.
699 3250 736 3312 F.
766 3249 912 3311 Eumene
924 3265 999 3335 594.
1014 3250 1053 3312 Ε.
1091 3249 1190 3313 Nicia

148 3351 225 3433 526.
239 3349 283 3420 Α,
311 3346 463 3434 Pompeio
477 3349 552 3428 644.
568 3349 603 3411 P.
637 3346 806 3412 Demetrio
821 3368 897 3434 904.
912 3350 955 3412 A.
991 3347 1104 3411 Altera
1118 3348 1188 3412 for·

149 3473 204 3515 ma
224 3449 406 3537 συνημοριῦιιν
428 3448 523 3513 semel
545 3450 588 3513 est
615 3448 647 3513 in
674 3451 826 3536 Lycurgo
847 3471 880 3535 p.
894 3450 949 3530 48.
966 3451 1013 3514 E:
1043 3448 1097 3513 sed
1120 3449 1188 3512 fre·

149 3574 251 3637 quens
272 3550 433 3626 Aristoteli
454 3551 485 3615 in
508 3550 573 3615 hoc
594 3564 787 3637 argumento
808 3549 916 3616 Ethic.
938 3551 1072 3615 Nicom.
1087 3551 1187 3616 Vlll.

148 3673 168 3739 3
185 3679 193 3716 ι
216 3654 398 3738 ουνημεριῦιιν
411 3652 438 3716 δὲ
453 3653 501 3719 nal
515 3656 598 3738 ουζῇν
609 3652 765 3733 βοόλοντου.
791 3654 840 3718 lb.
852 3672 885 3738 5.
897 3652 957 3717 bis.
985 3654 1045 3717 IX.
1064 3671 1115 3716 10.
1134 3671 1186 3718 12.

148 3753 287 3820 Eudem.
302 3756 380 3818 Vll.
394 3769 435 3838 5ο
460 3752 512 3818 sed
527 3767 561 3818 et
575 3753 782 3843 συνδιημερεύων
796 3753 928 3829 Nicom.
939 3725 1036 3820 Vlll'.
1055 3772 1107 3838 13.
1144 3757 1188 3820 Et

150 3855 241 3921 Pmo
256 3853 380 3918 Plraedr.
397 3876 430 3941 p.
443 3873 518 3940 342.
532 3853 571 3917 B.
605 3854 752 3942 Sympos.
767 3877 801 3940 p.
813 3873 889 3940 333.
905 3856 948 3919 G.
1196 3857 1200 3861 ’

191 3979 245 4046 94.
262 3961 297 4022 F.
319 3960 365 4020 Οὐ
377 3959 427 4039 μὲν
439 3962 499 4045 γὰρ
511 3957 575 4039 {col
587 3957 681 4042 γε-]
704 3956 795 4023 Iliad.
808 3963 847 4021 Ψ.
864 3972 917 4042 77.

154 4123 157 4128 .
188 4083 222 4147 p.
233 4073 286 4146 95.
300 4061 344 4125 A.
366 4059 467 4122 -οὖδέ
481 4085 526 4123 κεν
540 4058 614 4122 ἄλλο
625 4056 724 4142 'Appi
743 4057 908 4147 διίκφινμ]
935 4057 1043 4147 Odyll.
1058 4065 1098 4124 A.
1122 4059 1187 4127 levi

146 4161 334 4239 diversitate,
349 4157 407 4223 ottr'
420 4186 465 4223 κον
479 4159 564 4241 ἡμέας
575 4158 670 4223 ’Άλλο
685 4158 849 4245 διὲκφινμ.

188 4277 243 4352 95.
257 4265 301 4329 A.
330 4263 383 4338 Ὡς
406 4263 427 4325 8⁴
453 4260 490 4326 δι’
505 4264 624 4351 tulf-J
661 4262 777 4330 Versus
799 4261 904 4328 fmus
930 4261 972 4329 ad
996 4263 1195 4351 exemplum
