2692 4770
151 452 1182 503 Μ

183 698 523 860 nunnus
564 758 1147 859 wrrrnnnncun

362 1019 973 1104 ANIMADVERSIONES

649 1276 692 1321 nt

458 1485 876 1584 PLUTARCHI

237 1763 435 1829 SEPTEM
464 1762 767 1829 SAPIENTUM
793 1760 1111 1829 CONVIVIUM.

574 2041 776 2075 ψ
824 2020 830 2037 ,,

158 2228 318 2341 HUNC
338 2277 455 2343 librum
473 2300 494 2342 a
512 2277 683 2345 Plutarcho
701 2278 763 2344 effe
781 2277 946 2366 scriptum,
963 2290 999 2344 et
1019 2275 1134 2356 oratio,
1154 2286 1190 2342 et

160 2380 253 2457 ratio,
272 2395 306 2444 et
324 2380 468 2446 doctrina
480 2382 669 2448 ostendunt:
694 2405 798 2469 neque
819 2382 853 2448 id
865 2381 1063 2448 monendum
1078 2381 1188 2448 censc-

160 2501 280 2559 remus,
303 2480 357 2544 nisr
381 2504 455 2548 eum
479 2505 537 2570 pro
561 2485 666 2571 spurio
690 2484 869 2550 habuiffcnt
889 2483 973 2549 clari
990 2482 1057 2547 duo
1078 2480 1136 2546 viri
1156 2481 1189 2548 J.

161 2580 336 2645 Hudsonus
358 2597 398 2648 et·
409 2584 487 2650 Chr.
505 2585 703 2665 Menenius,
726 2598 860 2671 uterque
881 2584 914 2648 in
933 2583 1053 2649 diverso
1071 2602 1190 2670 genere

159 2680 368 2762 dodiffimus,
383 2684 437 2749 ille
459 2685 491 2748 in
515 2685 637 2750 Graecis
653 2685 753 2750 literis
773 2696 807 2749 et
823 2681 1044 2750 Grammaticn
1055 2680 1191 2760 ratione,

121 2769 137 2785 ”
160 2781 214 2847 hic
236 2783 269 2847 in
288 2785 407 2850 Morali
428 2784 639 2872 philosophiae
659 2799 694 2850 et
712 2784 910 2850 historiarum
931 2797 1040 2872 perte3
1064 2795 1190 2863 neuter,

162 2894 201 2946 ut
213 2883 417 2964 veredicam‚
434 2883 596 2950 Plutarchi
612 2882 842 2950 consuetudine
855 2885 1047 2951 exercitatus
1064 2881 1106 2948 ad
1119 2882 1192 2948 sen·

161 2983 230 3047 sum
246 2970 472 3072 judiciuuique
494 2985 565 3073 ejus
590 2984 803 3073 proprietatis.
845 2983 1023 3050 Hudsonue
1042 2984 1139 3050 verbo
1158 2994 1194 3049 et
1302 2987 1305 2991 ’

161 3087 346 3154 dubitanter
358 3091 540 3176 suspicionis
553 3092 616 3157 suae
630 3089 828 3157 mentionem
843 3090 954 3177 injecit
967 3089 1010 3155 ad
1018 3089 1193 3176 Josephum

161 3190 243 3255 Ant.
257 3191 334 3256 Jud.
350 3194 391 3255 V.
405 3194 435 3257 8.
445 3195 477 3256 6.
491 3192 656 3280 appellans
673 3193 848 3281 scriptorem
865 3178 1006 3257 Cominii
1009 3192 1123 3278 septem
1133 3190 1194 3276 sa-

158 3291 293 3378 pientum
312 3297 389 3356 inter
403 3309 491 3381 opera
506 3293 676 3360 Plutarchi.
713 3293 902 3359 Meinerfius
913 3294 947 3358 in
961 3293 1044 3357 libro
1057 3294 1194 3358 Germa·

163 3394 234 3459 nice
250 3395 365 3481 scripto
382 3395 515 3482 Historia
529 3398 744 3462 Doctrinarum
763 3398 848 3484 apud
863 3397 984 3461 Graecos
997 3405 1026 3457 et
1040 3393 1196 3472 Romanos,

163 3497 256 3584 cujus
277 3501 442 3564 censuram
463 3499 661 3585 prodidimus
682 3499 894 3565 Bibliothecae
916 3496 1046 3564 Criticae
1059 3493 1135 3561 Vol.
1150 3495 1196 3558 11.

166 3598 249 3662 Part.
266 3600 324 3663 lV.
344 3599 550 3663 asseveranter
563 3597 755 3685 pronunciat
767 3599 805 3665 T.
822 3599 849 3662 1.
872 3619 907 3684 p.
924 3610 996 3681 135.
1012 3608 1046 3660 et
1059 3592 1198 3659 ratione·

165 3720 294 3784 quoque
313 3699 475 3785 opinionis
488 3700 634 3787 apponit,
649 3700 791 3765 universe
810 3721 830 3763 a
850 3698 943 3763 nobis
962 3696 1150 3784 improbate
1164 3695 1197 3761 in

165 3799 220 3864 illa
245 3801 377 3865 censura
403 3824 435 3887 p.
454 3822 527 3866 101.
564 3802 737 3867 Rationum
764 3801 889 3865 summe
907 3799 979 3863 haec
1000 3798 1055 3863 est.
1093 3805 1117 3839 “
1130 3797 1198 3863 Pri·

167 3908 192 3940 “
207 3924 317 3965 mum:
357 3903 534 3967 convivium
563 3901 745 3990 hujusmodi
772 3900 876 3988 magio
903 3899 946 3964 ad
973 3898 1198 3979 disserendum,

169 4006 192 4041 “
206 4022 304 4086 quam
318 4001 567 4082 comedendum,
576 4002 761 4067 institutum
775 4000 946 4067 abhorrere
959 4020 980 4064 a
991 4020 1083 4064 more
1095 3997 1199 4063 aetafie

172 4109 195 4143 “
211 4106 341 4190 Septem
359 4106 545 4192 sapientum
564 4118 597 4171 et
611 4097 715 4194 magio
736 4102 905 4170 convenire
917 4102 1001 4169 mori
1015 4101 1155 4169 Plutonis
1166 4112 1202 4167 et

173 4209 195 4243 “
209 4205 409 4292 sequentium
430 4205 708 4294 philosophorum.
750 4202 898 4272 Deinde:
927 4203 1033 4271 stilum
1052 4226 1119 4272 non
1140 4203 1202 4270 effe
