2692 4770
148 269 225 321 1020
289 262 328 320 D.
337 260 391 320 W.
412 260 620 320 ANIMADV.
640 260 687 321 IN
708 256 940 321 PLUTARCHI
960 256 1037 320 1213.

149 423 264 502 cauffo,
291 421 424 488 domurn
452 423 640 502 ventitandi,
671 422 822 503 adeundi,
850 420 980 502 visendi,
1009 418 1191 499 salutandi,-

148 523 288 587 officium
303 525 466 610 praestant:
489 525 577 611 quod
595 524 747 590 Horatius
761 525 867 611 Epod.
885 525 929 588 11.
942 541 974 608 7.
995 521 1188 610 fignifionta

149 626 215 691 viro
236 627 368 714 simplici
386 628 471 716 agris
489 628 632 694 colendis
649 629 760 695 dedito
776 642 839 692 non
856 625 1003 705 faetitari,
1020 627 1190 710 emaque

148 730 240 809 vitot,
255 744 282 794 ct
289 733 422 820 steperba
437 733 548 798 civium
562 735 761 797 Potentiorum
775 732 893 797 limine.
924 733 977 797 De
991 730 1140 816 regibus,
1155 729 1188 792 in

148 832 259 917 primis
275 835 446 915 Persarum,
461 835 611 922 frequens
627 836 671 899 est
684 835 784 900 <linio
797 835 839 898 111
855 831 995 912 Aminios
1014 833 1104 917 &ipae
1124 844 1188 907 φοι-

147 938 209 1020 τᾷν·
232 949 266 1001 et
287 938 330 999 iri
352 940 384 1016 β.
405 938 500 1024 θύραις
521 938 597 1016 εἶναι.
635 939 749 1024 itaque
766 936 853 1023 apud
872 932 1081 1000 Plutarchum
1104 933 1189 1018 saepe

147 1037 190 1099 est
204 1036 249 1100 ἐπί
260 1063 330 1113 τινος
343 1039 430 1127 θύρας
450 1039 563 1115 venire,
586 1039 655 1104 Vit.
678 1058 711 1125 p.
726 1054 802 1124 379.
823 1039 868 1102 D.
893 1046 969 1117 4141
984 1037 1029 1100 A.
1051 1036 1131 1117 487.
1147 1034 1186 1097 E.

146 1155 222 1221 599.
239 1138 279 1204 C.
295 1140 351 1204 ubi
365 1139 540 1227 legendum
559 1141 601 1203 ieri
619 1161 679 1226 pro
692 1138 774 1227 napi.
802 1154 877 1222 777.
893 1138 931 1202 Β.
955 1136 1030 1218 864.
1047 1138 1085 1200 F.
1108 1136 1186 1199 8⁶8.

147 1238 192 1301 D.
214 1250 290 1325 925.
308 1242 349 1305 A.
378 1241 526 1327 1056.·C.
562 1242 608 1305 At
630 1241 675 1304 nri
694 1264 763 1314 τινος
780 1239 878 1328 ὥραις
897 1239 961 1324 effe,
982 1237 1071 1323 Opp.
1095 1237 1186 1301 Mor.

149 1339 221 1402 816.
236 1343 275 1404 B.
312 1341 378 1406 Vit.
395 1360 468 1426 294.
483 1343 522 1406 B.
544 1344 619 1426 436.
636 1341 676 1406 C.
699 1348 775 1426 591.
792 1336 831 1404 Β.
848 1341 925 1420 646.
939 1338 982 1403 C.
1019 1334 1186 1424 Aristoph.

148 1439 238 1504 Nub.
252 1444 328 1524 467.
364 1442 479 1528 Neque
501 1457 609 1507 tamen
631 1442 769 1507 diffiteor
789 1441 928 1506 alterum
942 1460 962 1504 a
975 1439 1069 1504 nobie
1085 1460 1185 1525 repu-

148 1539 283 1621 diatum,
308 1543 356 1606 bis
380 1543 445 1630 legi
467 1543 500 1607 in
527 1542 709 1609 plutareno.
731 1565 761 1606 v.
774 1566 806 1607 c.
837 1540 933 1606 Nicia
952 1562 986 1626 p.
999 1542 1076 1625 526.
1094 1543 1187 1604 An

148 1641 175 1703 δὲ
191 1642 264 1724 φίλοι
278 1648 333 1718 τοῖς
348 1646 390 1707 'ni
405 1649 466 1719 ταῖς
479 1646 575 1731 θύραις
590 1655 716 1728 φοιτῶσιν
731 1644 923 1731 irminam.
953 1644 1082 1709 Catone
1098 1645 1185 1709 Min.

148 1765 181 1829 p.
198 1746 271 1831 769.
288 1745 336 1809 C:
360 1749 423 1810 κάτ’
439 1751 546 1835 ἀγορὰν
564 1746 690 1835 &portarit
703 1745 751 1825 aa)
763 1755 860 1825 φοιτῶν
877 1747 920 1808 'eri
938 1745 1045 1831 &ipone
1083 1747 1184 1810 Atra-

147 1867 234 1924 men,
256 1868 330 1912 meo
349 1848 481 1935 quidem
498 1847 634 1935 judicio,
657 1848 827 1935 utrobique
841 1845 1069 1934 'corrigendum
1083 1846 1185 1934 θύρας.

148 1946 202 2013 Sic
215 1961 249 2012 et
264 1947 415 2015 Aristides
429 1952 468 2016 T.
485 1953 530 2015 11.
547 1972 580 2036 p.
592 1970 647 2036 43.

192 2065 265 2132 170.
281 2053 324 2116 A.
355 2043 608 2138 ἀπιτιιμιιανιεΗ
643 2054 719 2117 Non
748 2051 930 2138 infrequens
953 2050 1100 2130 verbum,
1124 2064 1186 2116 nee

149 2163 257 2215 tamen
279 2151 391 2216 eadem
413 2174 451 2218 ac
473 2152 587 2218 diserta
607 2150 856 2241 fignification03
879 2170 953 2217 num
976 2153 1121 2218 rmiverie
1142 2155 1188 2219 est

147 2251 316 2332 verberare,
340 2262 377 2318 ut
397 2255 582 2338 τυμπανίζει,
606 2256 659 2321 sed
678 2254 787 2320 addita
808 2254 987 2341 praepofitio
1001 2250 1109 2322 adfert
1123 2278 1186 2322 no·

150 2353 270 2418 tionem
286 2357 330 2419 ad
337 2355 435 2444 finem
450 2358 626 2422 verberare-s
647 2357 737 2445 quod
749 2359 794 2421 est
811 2358 857 2420 vei
876 2355 1045 2443 ejusmodi,
1059 2374 1098 2423 ut
1111 2378 1185 2425 ver·

149 2456 278 2522 beratue
298 2456 384 2523 inter
404 2461 533 2524 verbera
552 2461 718 2538 moriatur,
730 2457 939 2546 fustuarium:
962 2458 1022 2538 vel,
1042 2473 1081 2525 ut
1095 2462 1186 2527 vivan

148 2560 341 2641 dimittatur,
357 2585 429 2649 quae
440 2561 604 2650 fastigatio
620 2560 807 2648 quibusdam
827 2561 955 2626 dieitur.
994 2564 1046 2626 lta
1067 2564 1186 2630 nisiex

150 2676 218 2727 tota
233 2664 412 2728 narratione
426 2665 471 2728 rei
485 2678 649 2750 appareat,
669 2664 759 2728 notio
779 2663 932 2750 cujusque
952 2663 1014 2728 loci
1029 2665 1097 2729 fere
1112 2688 1185 2730 am·

149 2767 246 2852 bigua
260 2769 314 2831 est.
353 2766 405 2832 Sic
427 2768 559 2833 adhibet
583 2766 770 2831 Plutarchus
794 2767 881 2852 Opp.
898 2768 983 2829 Mor.
1005 2788 1037 2852 p.
1054 2770 1130 2852 778.
1149 2773 1184 2834 E.
1230 2822 1235 2828 .

149 2870 222 2952 968.
237 2870 275 2931 E.
297 2889 389 2953 1049.
400 2852 444 2932 D.
467 2869 535 2934 Vit.
550 2887 626 2953 455.
643 2871 686 2931 A.
712 2870 805 2952 1056.
820 2869 864 2930 D.
898 2867 1032 2931 Berosus
1047 2891 1099 2954 ap.
1116 2873 1184 2934 Eu-

148 2970 212 3033 seb.
237 2971 337 3055 Praep.
365 2973 481 3057 Evang.
505 2993 537 3056 p.
552 2988 627 3055 455.
643 2973 686 3034 D.
720 2971 897 3035 Athenaeus
918 2973 960 3035 V.
983 2995 1017 3057 p.
1033 2990 1107 3054 214.
1130 2976 1184 3039 D:

149 3070 203 3154 qui
222 3073 278 3136 lv.
296 3093 328 3156 p.
348 3087 419 3154 154.
436 3072 475 3135 C.
494 3073 585 3157 ponit
601 3094 658 3157 pro
674 3071 848 3158 antegressa
870 3076 917 3148 τὴν
939 3078 1059 3155 κεφαλὴν
1077 3079 1185 3139 ἀποκο-

148 3179 226 3251 rna,
244 3172 372 3236 πελέκει.
413 3172 504 3235 Plura
523 3172 564 3236 de
585 3172 682 3259 hujus
704 3171 790 3235 verbi
809 3174 866 3235 usu
881 3187 1032 3259 petantur
1045 3197 1064 3238 a
1078 3178 1184 3241 Gata-

149 3277 227 3342 kero
243 3277 274 3341 in
290 3276 455 3360 Adversar.
484 3276 644 3340 Posthum.
664 3298 696 3361 p.
713 3276 788 3360 908.
805 3274 868 3361 seq.
885 3291 918 3338 et
934 3277 1130 3361 Spanhemio
1144 3281 1186 3344 ad

150 3379 311 3465 Aristoph.
330 3378 413 3443 Plut.
428 3396 503 3460 470.
1192 3404 1195 3409 ·

194 3500 265 3564 170.
280 3481 323 3544 A.
346 3479 438 3567 θηρίον
452 3479 524 3564 ἔχων
536 3482 592 3551 τοῖς
606 3482 718 3565 καρποῖς
734 3478 879 3562 ἒφῆσα-]
901 3476 1106 3563 significatur
1120 3480 1186 3546 Di·

149 3604 220 3660 ana,
232 3605 304 3667 quae
319 3604 431 3667 aprum
448 3580 666 3667 Calydonium
683 3580 714 3642 in
731 3580 832 3644 OEnei
848 3580 913 3642 sata
925 3580 1064 3645 immisit.
1090 3583 1184 3649 iliad.

152 3687 177 3746 1.
193 3702 268 3768 537.
290 3684 377 3770 quod
399 3683 477 3746 item
497 3681 603 3768 tangit
621 3682 781 3745 Lucianus
803 3683 854 3745 De
869 3683 1036 3746 Sacrificiis
1050 3686 1088 3749 T.
1105 3688 1130 3750 1.
1150 3709 1186 3772 p.

174 3787 224 3848 26.

148 3800 168 3869 5
195 3902 266 3969 170.
280 3887 322 3950 A.
346 3886 460 3963 Θυάδα,
475 3882 614 3961 porgite,
631 3882 775 3958 Meneta,
790 3883 941 3967 Λόσσαδα]
968 3883 1075 3949 Scitus
1088 3887 1189 3970 plane

148 3986 337 4074 deiiylicus,
361 3985 472 4072 insigni
495 3984 675 4061 nominum,
702 4006 921 4063 numerorum,
950 3986 1189 4071 proprietatum

148 4088 295 4173 paritate.
334 4091 395 4152 Res
410 4086 521 4150 eadem
537 4089 628 4172 snpra
642 4106 675 4170 p.
692 4104 744 4151 22.
760 4088 802 4148 A.
819 4087 912 4149 nobis
926 4087 1152 4153 animadversa.

193 4206 265 4271 170.
281 4191 319 4254 B.
345 4187 424 4266 αὖτε
447 4188 866 4274 καλεχόνα-ῆυμπλεχθᾶσα]
898 4188 1054 4276 suspicati
1075 4190 1188 4257 sumus
