2692 4770
222 309 298 365 1048
410 304 448 363 D.
462 305 513 364 W.
533 306 742 367 ANIMADV.
761 307 814 368 IN.
829 303 1062 367 iturarum

220 466 258 531 de
279 489 349 531 ceux
367 466 408 530 du
422 468 568 555 Bosphore
582 469 769 549 Cimmerion,
783 468 802 528 ἂ
815 469 906 533 Paris
922 484 1017 552 1752,
1031 489 1065 545 4·
1100 465 1183 556 Ejus
1204 480 1262 532 ra-

219 589 294 633 meu
317 569 473 632 memoria
492 583 526 632 et
548 593 665 635 nomen
687 572 806 635 exstant
824 568 856 634 in
880 569 1010 633 nomine
1028 568 1115 632 urbis
1131 567 1259 653 Poleyo-

221 668 301 748 bria,
324 692 395 755 quae
418 672 524 757 polles
545 673 648 737 AEnus
670 673 755 738 dien
775 672 830 747 est,
849 673 924 738 teste
944 672 1103 736 Strabone
1117 671 1198 736 Vll.
1222 692 1258 757 p.

219 791 296 857 491.
312 773 360 836 C:
386 790 425 838 ut
443 789 538 839 acute
560 775 639 840 vidit
659 778 691 843 J.
707 775 880 840 Palmerius
899 773 1038 838 Exercit.
1058 773 1091 838 in
1108 775 1168 839 Gr.
1183 775 1258 840 Ser.

219 894 253 963 Ρ·
267 893 343 960 300·
742 926 745 933 ’

263 992 336 1058 174.
350 977 393 1041 D.
412 981 576 1065 Tuam]
602 979 667 1044 Hie
682 979 714 1043 in
730 977 828 1043 modo
840 976 969 1042 laudata
984 975 1124 1041 Thracia
1138 974 1260 1063 Regum

221 1074 355 1162 Historia
370 1101 404 1164 p.
416 1100 450 1164 3.
467 1095 653 1145 numeratur
671 1082 792 1167 primus
807 1079 1012 1168 Odrysromm
1035 1100 1101 1156 rex,
1118 1078 1258 1165 Olynrp.

218 1178 423 1244 LXXXVII.
440 1200 480 1247 2:
503 1183 547 1246 A.
558 1183 599 1246 C.
612 1201 690 1267 431.
721 1183 852 1246 Nomen
866 1194 956 1246 vetus
970 1178 1179 1256 Thracicum,
1196 1178 1257 1242 Te-

216 1301 284 1342 reus
297 1279 330 1343 in
346 1280 462 1346 sabulis
477 1283 658 1370 cognitum.
686 1282 777 1347 Idem
792 1282 915 1347 diuum
930 1281 960 1345 in
977 1281 1060 1346 libro
1074 1281 1127 1346 De
1142 1279 1256 1346 Senib.

218 1381 308 1467 Reip.
325 1384 402 1448 Ger.
424 1405 458 1470 p.
473 1401 548 1473 792.
565 1387 605 1450 C.
627 1387 723 1451 Ateae
738 1386 867 1473 Scythae
882 1385 1044 1449 tribuitur.

262 1501 335 1568 174.
350 1488 394 1550 D.
407 1489 613 1572 ‘aurnum
639 1488 757 1553 Belius
775 1487 955 1554 Didiionar.
972 1486 1055 1551 Hist.
1070 1497 1105 1550 et
1118 1483 1204 1550 Crit.
1219 1482 1257 1550 in

216 1607 294 1650 voce
310 1587 396 1672 Gorys
411 1588 502 1652 illum
520 1589 685 1676 significari
700 1604 793 1675 putat
813 1588 1002 1654 erudelitate
1014 1589 1169 1651 infamem
1185 1585 1255 1652 co-

141 1682 144 1690 ’
217 1696 287 1774 tyn,
316 1690 513 1776 temporibus
542 1691 679 1778 Philippi
707 1691 896 1756 Macedonis
922 1688 1100 1776 aequalemr
1132 1687 1255 1753 subdu·

215 1788 298 1855 bitat
312 1803 421 1858 tamen
436 1792 547 1857 ausior
570 1793 715 1858 Historiae
731 1795 858 1880 Regum
873 1793 1017 1858 Thraciae
1031 1812 1064 1877 p.
1076 1809 1130 1856 so.
1158 1789 1254 1877 Ejus·

216 1889 290 1959 dem
320 1892 445 1981 Cotyos
467 1891 745 1983 apophthegmatai
768 1893 916 1981 quaedam
938 1892 1000 1956 alia
1023 1891 1144 1956 exstant
1165 1888 1255 1976 apud

217 1994 384 2059 Stobaeum
406 2018 440 2084 p.
460 1998 535 2082 328.
558 2012 593 2063 et
614 2001 648 2062 S.
664 1997 846 2062 Maximum
869 1995 957 2060 Edit.
979 1993 1151 2059 Combefis.
1173 1995 1253 2079 561.

214 2096 347 2162 Gesner.
363 2099 454 2162 stob.
466 2100 681 2165 Wecheliana
695 2123 726 2185 p.
739 2120 816 2186 519.
848 2097 1013 2164 Laudatur
1023 2095 1171 2163 Diodoro
1185 2097 1253 2162 Sic.

212 2196 252 2262 T.
269 2198 314 2260 11.
332 2218 365 2282 p.
378 2213 454 2282 577,
475 2199 639 2265 Aristoteli
652 2201 775 2264 OEcou.
793 2202 837 2264 ll.
854 2216 907 2283 27.

257 2314 330 2382 174.
346 2302 386 2364 E.
408 2301 673 2389 roselmi]
700 2306 750 2367 Ex
772 2302 940 2368 Herodoto
962 2304 1112 2382 IV.142.
1149 2302 1252 2365 Hune

214 2399 410 2488 Chryfippus
432 2414 466 2467 et
487 2405 672 2468 leuconem
691 2405 823 2490 Bospori
837 2427 946 2491 regem
962 2405 1043 2490 saepe
1058 2425 1133 2467 cum
1153 2401 1253 2485 laude

213 2502 402 2570 memoravit
424 2518 460 2568 ut
483 2505 622 2590 sapiente
642 2506 729 2570 haud
752 2505 902 2592 indignos
924 2506 1131 2591 praebitores:
1162 2501 1252 2589 quod

213 2605 403 2670 Plutarchus
418 2623 509 2670 notat
529 2609 581 2673 De
606 2611 755 2695 Repugn.
780 2609 881 2674 Stoic.
909 2631 943 2696 p.
967 2628 1061 2693 1043.
1084 2607 1127 2686 C,
1145 2608 1191 2670 D.
1216 2618 1252 2671 et

211 2709 296 2773 Adv.
313 2709 414 2773 Stoic.
440 2731 473 2795 p.
492 2713 584 2774 1061.
599 2713 644 2775 D.
682 2713 811 2797 Spesiat
834 2711 949 2776 eodem
972 2711 1087 2775 Strabo
1109 2710 1188 2774 VH.
1214 2729 1249 2793 p.

211 2813 289 2891 461.
306 2810 354 2873 C:
372 2809 452 2897 “Ope
473 2812 501 2873 di
522 2810 542 2873 oi
562 2811 640 2896 λέγει
661 2812 810 2899 Ἡρόδοτος
828 2813 896 2899 περὶ
912 2820 960 2875 τοῦ
980 2820 1033 2875 τῶν
1049 2813 1168 2874 Σκυθῶν
1188 2814 1248 2889 βα-

210 2911 320 2991 σιλέως,
342 2914 381 2993 ἐφ’
397 2911 424 2975 ὃν
440 2913 586 2999 &primone
601 2919 727 3001 Δαρεῖος,
743 2914 788 2992 καὶ
805 2919 844 2977 τὰ
864 2913 1039 2997 ἑπεςαλμένα
1058 2915 1130 2999 παρ’
1150 2917 1246 2976 αὐτοῦ·

211 3013 260 3101 ipa
274 3014 301 3075 di
320 3012 366 3093 ucri
387 3011 407 3075 oi
426 3014 503 3097 λέγει
518 3016 678 3100 Χρύσιππος
693 3015 760 3101 arapl
781 3017 876 3099 (forte
891 3014 1075 3079 addendum
1090 3018 1174 3076 αὐτοῦ
1189 3012 1249 3092 καὶ,
1273 3076 1278 3084 ,

209 3115 250 3184 de
265 3116 328 3180 hoc
344 3115 537 3203 Scytharum
557 3120 644 3203 rege)
668 3125 722 3180 τῶν
738 3124 785 3180 τοῦ
808 3117 937 3204 &osdgar
958 3116 1098 3195 βασιλέων
1110 3125 1165 3179 τῶν
1179 3117 1249 3202 errpl

210 3222 351 3285 Λεύκωνα.
388 3221 455 3285 Dio
471 3221 585 3309 Chrys.
602 3224 659 3287 Or.
679 3225 723 3286 ll.
742 3244 774 3307 p.
788 3241 842 3308 35.
859 3226 904 3289 D.
921 3223 1003 3287 inter
1025 3222 1174 3285 laudatos
1196 3245 1248 3285 re-

208 3345 266 3410 ges
282 3345 453 3387 numerans
466 3324 626 3408 Ἀγίιθυρον
641 3325 686 3397 τὸν
700 3324 813 3403 Σκύθην
833 3324 879 3399 xul
898 3324 1029 3388 Λεύκωνα
1047 3323 1172 3388 lortaffe
1188 3322 1247 3387 de·

208 3438 323 3509 ceptus
343 3424 473 3489 nomine
489 3426 660 3512 propinqui
682 3427 793 3512 populi
814 3427 1065 3514 Agatlprsornm
1089 3447 1147 3510 pro
1168 3425 1247 3488 Ida-

208 3527 304 3611 tlyrso
332 3525 409 3589 fecit
433 3527 636 3612 Agathyrsoi.
680 3528 831 3592 Nominis
859 3528 976 3613 duplex
1001 3525 1088 3612 apud
1112 3528 1247 3590 Veteres

209 3627 312 3691 fertur
334 3628 487 3715 scriptura
508 3629 715 3717 Indathyrsus‚
738 3630 945 3718 Idanthyrsus,
965 3629 1152 3716 ldatbyrsus‚
1176 3627 1248 3714 Hy·

208 3728 396 3813 danlhyrsus.

254 3845 326 3913 174.
342 3833 381 3895 E.
411 3833 576 3917 meon]
608 3830 718 3918 Hujus
739 3847 852 3897 contra
876 3831 1059 3918 Philippum
1085 3829 1247 3895 Macedo-

208 3955 285 3998 nem
299 3932 421 3997 bellurn
436 3956 475 3996 ex
490 3955 555 3998 uno
576 3931 735 4019 inprimis
753 3933 964 4020 cognovimus
984 3932 1105 3997 lullino
1122 3932 1183 3993 lX.
1201 3950 1247 3997 22

206 4033 292 4100 disin
320 4035 527 4122 responsaque
554 4049 650 4099 acuta
677 4035 797 4121 ibidem
827 4034 1030 4122 produntur:
1067 4055 1248 4118 equorum

207 4137 312 4200 forma
331 4161 395 4202 non
419 4138 570 4202 abhorret
590 4139 731 4225 epistola,
753 4161 850 4226 quarn
872 4162 912 4202 ex
934 4136 1121 4203 Aristocrito
1146 4137 1248 4202 refert

188 4273 192 4280 ·
207 4239 359 4307 Clemens
373 4241 468 4306 Alex.
483 4242 603 4307 Strom.
617 4243 661 4309 V.
682 4264 715 4330 p.
729 4245 807 4330 561.
821 4242 864 4308 B:
888 4232 1027 4332 Βαὰιλεὺς
1041 4245 1161 4305 Σκυθῶν
1174 4241 1245 4307 ’Aa
