2692 4770
187 276 267 336 1116
378 272 418 332 D.
429 274 481 332 W.
500 270 710 332 ANIMADV.
730 269 778 331 IN
797 268 1044 332 PLUTARCHI

186 437 299 503 audior
313 434 419 502 sumsit
437 458 476 501 ex
496 435 573 503 Vrta
587 458 674 502 nunc
689 435 813 524 perdita
834 434 934 525 hujus
953 434 1130 525 Scipionis
1147 436 1232 505 Abi·

184 539 258 603 cani
281 537 427 627 Majoris,
451 562 547 627 quem
566 554 605 606 ut
623 540 759 607 altemm
782 561 892 627 parem
910 538 1057 607 duarum
1081 542 1231 609 Vitaruur

183 642 267 707 libro
287 664 364 707 curn
390 642 613 728 Epaminonda
638 656 876 730 comparaverat
900 642 1117 711 Plutarchus.
1159 646 1232 711 No·

182 767 258 809 men
280 745 311 809 in
333 743 456 809 Graecis
475 744 564 811 libris
579 748 763 834 frequenter
784 744 929 811 scribitur
946 746 1102 827 Σκηπίων,
1126 760 1167 815 ut
1183 730 1233 815 bis

180 845 215 911 in
230 846 572 935 Apophthegmatibus
585 849 764 914 constanter
777 848 899 913 servant
911 850 943 914 J.
958 861 996 914 et
1012 848 1118 915 Harl.

226 951 298 1036 196.
313 950 352 1014 B.
374 949 428 1037 α’.]
455 953 503 1016 Ex
519 951 645 1017 Catone
659 952 756 1016 refert
776 950 893 1017 Cicero
907 950 1006 1016 Offic.
1024 950 1096 1017 ΠΙ.
1116 970 1148 1017 1.
1166 951 1228 1019 iui-

177 1048 245 1115 tio:
270 1050 413 1116 Publium
429 1052 601 1143 Scipionem,
623 1052 734 1118 Marce
743 1052 813 1141 fili,
828 1076 893 1117 eam
913 1054 966 1140 qai
987 1054 1114 1141 primus
1135 1054 1229 1144 Affi-

177 1180 269 1221 canas
284 1155 451 1245 appellatus
458 1159 516 1244 fit,
531 1158 626 1223 dicere
630 1155 755 1245 solitum
757 1157 879 1247 seripfit
894 1157 982 1237 Cato,
998 1159 1056 1246 qai
1064 1156 1147 1245 ficit
1156 1160 1228 1249 fere

175 1258 237 1348 (jus
258 1258 397 1347 aqualis,
414 1259 585 1350 Numquam
597 1262 635 1346 fi
649 1260 746 1324 minus
759 1260 878 1348 otiosum
890 1260 945 1348 effe
958 1284 1052 1349 quam
1065 1286 1140 1327 oum
1154 1262 1226 1331 olio·

163 1362 234 1448 stas,
249 1386 302 1425 nee
315 1363 410 1425 minus
421 1361 522 1448 solum
536 1387 625 1450 quam
639 1386 702 1426 nam
712 1361 798 1450 solus
814 1363 891 1449 ψει.

221 1467 293 1551 196.
304 1466 343 1530 B.
364 1466 420 1550 β’.]
444 1467 548 1554 Capta
561 1467 656 1531 Nora
672 1464 871 1555 Carthagine
886 1464 919 1529 in
934 1462 1099 1550 Hispania
1114 1465 1225 1533 Livius

173 1567 300 1631 XXVI.
314 1587 368 1652 50.
385 1567 471 1633 unde
486 1567 552 1648 alii,
570 1566 781 1654 prodiderunt
799 1565 948 1633 Valerius
969 1567 1064 1631 Max.
1087 1568 1153 1635 IV.
1167 1588 1222 1655 31.

172 1667 344 1734 Frontinus
359 1670 405 1734 II.
422 1689 471 1735 11.
484 1684 517 1755 5.
549 1668 673 1735 Gellius
688 1670 748 1734 Vl.
766 1671 797 1735 8.
814 1668 891 1733 hinc
907 1668 1110 1735 Ammianus
1124 1672 1220 1736 Mar·

170 1771 306 1837 cellinus
320 1774 445 1839 XXIV.
468 1795 501 1860 p.
519 1787 593 1858 275.
622 1772 775 1838 Aurelius
788 1771 902 1837 Viator
920 1773 972 1836 De
986 1770 1076 1837 Vrris
1096 1772 1217 1841 Illustr.

169 1875 293 1939 XLIX.
304 1876 335 1940 8.
351 1898 453 1940 unum
467 1874 673 1941 continentiae
684 1874 868 1961 exemplum
883 1896 962 1961 erga
975 1872 1103 1960 regiam
1119 1876 1217 1963 spon·

169 1977 256 2044 sam:
290 1979 478 2044 Plutarchus
504 1978 604 2058 aliud,
630 2001 708 2066 erga
735 1976 850 2066 privati
878 1976 1001 2040 filiam:
1033 1990 1217 2067 utrumque

167 2078 350 2144 communis
364 2078 478 2144 barum
498 2102 605 2144 rerum
627 2078 761 2167 scriptor
781 2075 971 2143 memoravit
994 2077 1156 2167 Polybius
1170 2083 1214 2147 X.

169 2182 222 2246 18.
241 2202 292 2267 19.
308 2181 385 2246 edit.
403 2181 588 2269 Schweigh.
602 2183 697 2246 Tom.
714 2182 776 2246 III.
800 2202 833 2267 p.
850 2198 1043 2265 229-231:
1067 2204 1213 2269 quorum

166 2284 354 2371 posteriusa
372 2284 542 2349 Plutarcho
557 2283 706 2362 relatum,
725 2282 789 2348 hoe
802 2284 861 2348 est:
885 2285 975 2346 Κατὰ
996 2282 1024 2344 δὲ
1041 2285 1090 2347 τὸν
1114 2288 1214 2375 καιρὸν

164 2394 259 2452 τοῦτον
280 2386 414 2452 νεανίσκοι
432 2388 501 2463 τινες
519 2396 573 2452 τῶν
588 2385 744 2469 Ῥωμαίων,
767 2385 942 2473 ἐπιτυχόντες
961 2385 1113 2473 παρθένῳ,
1132 2394 1213 2454 κατὰ

164 2494 212 2569 τὴν
226 2491 351 2577 ἀκμὴνῇ
368 2494 444 2554 κατὰ
456 2491 488 2555 ri
504 2489 609 2563 κάλλος
628 2488 787 2574 διαφερούσῃ
805 2497 859 2552 τῶν
876 2486 971 2551 ἄλλων
991 2496 1148 2573 γυναικῶν,
1163 2484 1213 2569 καὶ

163 2594 308 2669 συνειδότες
323 2593 468 2676 φιλογύνην
490 2592 556 2657 ὄντα
574 2594 620 2657 τὸν
639 2590 776 2669 Πόπλιον,
793 2590 856 2667 ἧκον
871 2594 955 2667 αὐτὴν
969 2589 1085 2675 ἄγοντες
1101 2593 1123 2678 ’8
1140 2621 1210 2657 era·

163 2698 332 2786 ςαςῆσαντες
355 2695 473 2781 ἔρασκον
493 2696 571 2782 αὐτῷ
593 2697 725 2781 dapsiliam
743 2697 791 2771 τὴν
810 2692 898 2778 κόρην·
923 2697 936 2753 ὁ
959 2694 985 2754 δὲ
1007 2696 1212 2780 καταπλαγεὶς

162 2800 208 2878 καὶ
229 2799 382 2882 θαυμάσας
401 2800 433 2863 τὸ
453 2799 569 2872 κάλλος·
594 2795 697 2873 ἰδιώτης
713 2796 764 2877 μὲν
780 2793 815 2858 aiv
838 2793 963 2875 adlapsam
984 2797 1054 2871 ἥδιον
1072 2795 1119 2874 οἷν,
1143 2797 1207 2879 ἔρις,

160 2902 284 2983 istebat
304 2899 405 2977 ταύτης
427 2905 474 2976 τῆς
497 2901 608 2984 δωρεαῖς,
630 2898 769 2985 ςςατηγὸς
791 2898 811 2957 δ’
830 2895 964 2983 ὑπάρχων
984 2899 1035 2957 ou'i
1052 2898 1150 2961 ὁποίαν
1171 2898 1207 2964 οἷν

158 3006 403 3084 iriae—caetera
419 3000 537 3065 ibidem
552 2999 713 3087 legantur.
750 2997 918 3085 l‘olyaenus
933 2996 1029 3060 VIII.
1048 3000 1100 3061 16.
1119 3015 1152 3083 7.
1171 3001 1207 3066 in

159 3130 263 3197 pauca
278 3103 426 3171 contulit.

205 3213 277 3295 196.
293 3210 331 3273 B.
356 3206 416 3291 γ’.]
440 3208 482 3270 Et
497 3205 560 3269 hoc
580 3226 620 3268 ex
637 3202 768 3290 perditis
793 3201 973 3288 Polybianis
989 3200 1206 3268 censendum.

158 3313 307 3380 Indidem
323 3307 457 3395 suscepit
471 3305 617 3371 Valerius
635 3305 800 3368 Maximus
816 3306 877 3367 Ill.
894 3322 924 3387 7.
944 3324 973 3368 1.
988 3328 1098 3366 —cam
1114 3305 1206 3392 oppi-

156 3421 227 3483 dam
244 3415 374 3479 Badiam
389 3411 617 3488 circumsedere,
633 3407 770 3471 tribunal
779 3409 873 3494 suum
888 3408 1039 3486 adeuntes,
1057 3412 1088 3468 in
1103 3411 1206 3473 adem

156 3546 225 3611 quea
241 3521 321 3583 intra
341 3515 449 3580 mania
468 3511 586 3600 hostium
607 3523 683 3590 eral,
705 3511 879 3574 venlimonia
902 3512 933 3573 ia
953 3509 1096 3597 posterum
1120 3513 1205 3579 diem

144 3626 253 3714 facere
263 3619 374 3709 jaffit:
398 3617 586 3702 continuoque
599 3613 672 3677 urbe
684 3613 804 3700 politas,
819 3624 847 3674 ct
862 3625 985 3700 tempore
1000 3624 1027 3673 ct
1046 3611 1118 3690 loco,
1137 3639 1202 3702 quo

150 3725 352 3818 praedixerat,
370 3719 455 3807 silla
482 3717 585 3805 pastio,
605 3715 724 3804 jussis
747 3714 836 3778 dixit.
882 3716 920 3778 ln
948 3714 1035 3778 urbis
1063 3716 1203 3782 nornine

154 3848 351 3920 quamquam
373 3823 554 3888 dissentiant
573 3818 692 3885 Valerii
713 3817 853 3897 codices,
873 3831 981 3881 tamen
1005 3815 1076 3880 satis
1099 3819 1200 3884 nobis

154 3936 187 4002 in
203 3933 334 4020 tulgato
351 3928 481 3993 Badiam
496 3921 694 3990 aulloritatis
718 3922 791 3999 fuit,
814 3936 851 3984 ut
871 3919 1073 4007 Xylandrum
1092 3921 1197 3988 secuti

153 4045 275 4105 Βαθεῖαν
293 4032 441 4098 daremus
459 4050 516 4115 pro
540 4042 645 4090 vetere
668 4027 784 4101 βαθεῖαν
806 4020 893 4108 quod
918 4021 970 4084 alii
1000 4021 1195 4107 interpretes

152 4146 218 4209 sere
243 4137 425 4229 profundam
452 4129 678 4196 reddiderunt:
708 4149 779 4213 quae
805 4148 844 4188 an
871 4123 906 4187 fit
930 4124 1067 4200 Βαιτύκη,
1090 4146 1191 4210 quam

153 4258 266 4310 tuente
280 4236 480 4306 Hasdrubale
495 4232 582 4322 cepit
596 4228 717 4317 Scipio,
734 4229 809 4295 teste
822 4226 972 4316 Appiano
984 4227 1016 4291 in
1032 4226 1189 4315 Hispani-
