2692 4770
244 307 325 368 121⁶
405 307 445 368 D.
454 309 510 375 ‚W.
529 307 741 371 AN1MADV.
760 309 809 371 IN
829 307 1064 374 PLUTARCHI
1084 308 1140 366 Ire.

239 496 293 559 rep
308 475 332 535 oi
351 469 595 555 ἅλλοιἛλληνες,
612 472 741 562 Iyr'mio]
767 475 811 541 Et
831 471 904 541 hoeo
924 471 1026 540 difflo
1045 467 1288 541 dubiutiotien

241 572 353 641 habet.
391 575 497 642 Primo
511 577 626 644 statum
646 579 836 644 Graeoorum
861 578 919 643 sub
933 575 1088 644 Romanis
1106 571 1222 641 δελιίαν
1235 571 1288 637 di·

240 697 314 743 cere
335 701 395 744 nec
414 702 489 745 curn
510 679 672 745 Plutarchi
692 679 877 768 prudentia,
895 702 956 746 nec
971 701 1049 746 cum
1064 676 1200 745 veritate
1214 674 1289 741 satir

238 781 404 869 congruit.
441 783 530 850 Nam
548 782 773 870 quodiehniuv
787 782 887 848 etiam
905 780 992 869 apud
1010 779 1091 848 alios
1106 778 1289 868 Scriptores

143 878 145 884 ’
239 883 361 950 dicitur
381 884 439 972 qui
461 886 658 975 magistratui
682 886 845 974 subjetiue
864 884 920 967 est,
934 885 1006 952 haec
1025 882 1220 972 metaphora
1241 881 1290 947 nil

236 986 383 1053 adhunc
397 988 509 1055 Iocum
523 989 675 1077 pertinet.
709 991 783 1056 Nec
802 989 859 1055 ubi
880 986 1072 1055 Plutarchus
1087 985 1131 1054 de
1149 983 1288 1052 Graeoiae

235 1089 426 1158 conditione
450 1090 608 1180 loquitur,
630 1090 742 1169 θαλείας
768 1090 902 1159 nomine
925 1112 998 1157 eam
1023 1089 1146 1156 afficit:
1176 1101 1213 1154 et
1233 1089 1289 1154 De

236 1195 319 1280 Rep.
343 1196 422 1261 Ger.
446 1216 480 1283 p.
497 1195 624 1278 81412.
649 1195 843 1276 ἐξονειδίζοντες
863 1198 913 1274 τὴν
934 1192 1060 1274 Ionian,
1080 1191 1161 1258 item
1181 1203 1288 1258 metn-

236 1295 370 1383 phoriee
385 1297 540 1363 dicuntur
552 1299 661 1365 Graeoi
674 1298 889 1385 magistratus,
900 1292 957 1384 qui
971 1294 1084 1364 omnia
1098 1292 1288 1383 negotiand

236 1401 424 1468 Romanum
439 1399 602 1487 praefidem
618 1401 788 1468 deferente
812 1414 847 1466 et
860 1421 896 1488 p.
909 1400 985 1482 824.
1003 1397 1046 1466 C.
1059 1396 1178 1464 diserte
1192 1396 1287 1462 liher-

234 1515 283 1568 tar
298 1501 419 1568 dicitur
433 1503 473 1581 is,
488 1502 544 1590 qui
558 1515 636 1569 tunc
650 1516 731 1583 erat,
746 1503 855 1569 status.
877 1503 951 1568 Neo
963 1499 1155 1567 diffimiliter-
1166 1499 1286 1567 strabo

124 1679 126 1682 ¹
234 1603 277 1670 de
295 1603 553 1670 anedaemoniis
576 1605 673 1671 VIII.
696 1623 731 1691 p.
748 1606 825 1690 562.
840 1603 881 1669 Β.
906 1602 948 1671 de
966 1601 1145 1682 Thebanis,
1163 1603 1228 1668 IX.
1250 1623 1285 1690 p.

233 1707 321 1794 ⁶35²
346 1706 468 1772 Plinius
490 1709 537 1772 H.
552 1707 599 1772 N.
620 1709 680 1774 IV.
697 1709 730 1774 8.
755 1707 798 1774 de
820 1704 1101 1773 Lacedaemoniis:
1124 1705 1248 1770 Dehinc
1267 1729 1288 1771 a

235 1810 367 1877 Tartaro
381 1833 457 1898 ager
472 1808 648 1890 Laminie,
663 1808 769 1875 libera
785 1809 908 1898 gentis.-
930 1806 990 1874 nbi
1009 1804 1161 1895 quiedam
1180 1805 1288 1873 adfert

234 1911 437 1979 Horduinue.
474 1912 567 1977 Nero
585 1911 720 1979 Achaioe
741 1911 910 1977 libertatem
926 1909 1090 1976 reddidit:
1114 1908 1157 1975 de
1172 1931 1238 1996 qua
1251 1931 1287 1974 re

233 2014 321 2082 idem
346 2015 441 2081 Harl.
464 2013 507 2080 ad
522 2014 612 2086 ¹Plin.
629 2017 689 2082 IV.
706 2034 758 2081 10.
780 2025 816 2081 et
834 2014 901 2096 ahi,
918 2034 1001 2111 quoe
1022 2011 1225 2078 laudavimus
1244 2011 1286 2078 ad

235 2118 448 2187 Plutarchum
475 2118 529 2184 De
557 2118 626 2184 Ser.
651 2119 756 2184 Num.
776 2116 877 2186 Vind.
902 2138 938 2205 p.
959 2116 1045 2202 568:
1076 2114 1286 2202 Vespnfianun

234 2221 381 2304 ademit3
407 2223 484 2288 teste
505 2221 664 2288 Suetonio
685 2222 783 2291 VIII.
807 2233 844 2288 et
865 2218 936 2286 eliis
961 2219 1069 2287 citatio
1084 2218 1286 2305 Spanhemio

234 2324 269 2391 in
281 2323 363 2391 Orbi
376 2327 472 2392 Rom.
483 2325 578 2393 XIV.
592 2346 627 2412 p.
636 2340 677 2411 37
679 2339 714 2410 5.
740 2324 891 2390 Reimaro
903 2322 946 2390 ed
957 2321 1048 2389 Dion
1059 2320 1142 2388 cass.
1157 2322 1285 2390 LXIII.

236 2447 290 2494 11.
315 2449 350 2515 p.
369 2444 475 2513 10342
508 2440 617 2492 tamen
639 2426 698 2493 sub
718 2425 857 2515 ijnno
878 2426 988 2514 plnres
1013 2422 1152 2490 Achaim
1175 2424 1285 2505 urbes,

234 2529 449 2618 populosque,
473 2541 561 2594 certe
583 2527 852 2595 Lacedaemonios
874 2540 908 2593 et
928 2525 1144 2593 Athenienses
1165 2524 1286 2592 liberos

234 2632 364 2698 habitos
387 2631 488 2710 fuisse,
504 2631 590 2697 idem
605 2630 744 2696 ostendit
758 2628 974 2718 spanhemius
996 2629 1019 2695 l.
1036 2629 1060 2693 I.
1077 2650 1110 2715 p.
1124 2628 1202 2714 380.
1218 2628 1285 2717 seq.

235 2758 379 2824 quocum
394 2734 586 2799 adhibeatur
599 2733 759 2799 Meurfius
780 2735 833 2799 De
851 2736 956 2822 Regn.
971 2731 1093 2797 Laced.
1109 2731 1227 2806 XXII.
1250 2753 1285 2819 p,

236 2861 291 2927 99.
307 2840 371 2926 seq.
402 2836 570 2925 Quidquid
583 2849 694 2903 autem
708 2837 806 2924 hujus
821 2835 1003 2926 quaestionis
1015 2834 1064 2916 fit,
1078 2847 1169 2900 certe
1183 2834 1286 2900 istius·

236 2939 327 3005 modi
342 2939 445 3005 oratio
468 2938 580 3004 durior
600 2951 634 3003 et
651 2939 849 3026 praefradiop
862 2938 988 3019 videtur
1001 2959 1101 3028 quam
1115 2957 1176 3027 pro
1192 2936 1285 3004 Plut-

237 3041 328 3110 archi
343 3042 469 3127 ratione
481 3057 516 3122 et
529 3044 693 3116 modestia.
1015 3038 1016 3042 ¹
1118 3032 1121 3042 ⁵
