2692 4770
276 325 479 387 Arornrrr.
494 326 962 405 anomocus-nnnc.
1057 333 1133 405 iore

104 487 289 574 metropoli,
312 489 487 555 amicitiam
507 502 542 554 et
558 487 662 554 foedus
677 489 777 570 fuisse,
796 502 834 554 ut
854 489 1033 577 legationes
1054 480 1136 557 invi*

102 613 175 661 cem
198 592 414 673 mitterentur,
439 607 473 658 et
496 615 546 657 res
571 592 636 679 ipsa
658 592 836 679 persuadet,
863 606 896 657 et
921 592 1040 658 indicio
1063 592 1137 671 siant¹
1214 649 1217 664 ,

103 692 191 765 milla
208 695 250 758 ab
271 693 333 759 hoc
354 694 471 760 auxilia
489 693 665 761 Corinthiis
685 717 861 781 eorumque
882 693 973 761 sociis
984 717 993 772 ς
1017 693 1138 780 dequo

102 793 246 879 produnt
262 788 445 882 Xenophon
468 795 629 860 Hellenic.
644 797 722 859 Vll.
741 816 769 859 1.
788 815 824 860 11
847 808 879 859 et
897 812 948 879 17.
964 808 997 860 et
1009 793 1137 862 Diodes
1254 814 1274 845 f.

102 917 156 959 rue
180 895 243 960 Sic.
268 898 343 960 XV.
364 914 417 982 70.
460 899 496 960 ln
521 896 612 961 Harl.
637 896 784 960 omissum
806 896 907 970 δονάςυ
928 895 1137 983 suspicionem

102 995 181 1061 facit
195 997 311 1062 variam
327 998 498 1063 lediionem
513 998 656 1064 exstitisse
669 997 963 1087 vapaepwdau'cme,
977 998 1060 1064 mala
1066 998 1141 1086 fide

102 1095 277 1184 legationem
294 1100 551 1185 adminssrantes:
574 1122 658 1186 quae,
675 1099 695 1164 fi
710 1102 783 1182 fuit,
800 1124 863 1165 non
883 1115 990 1166 tamen
1010 1123 1137 1188 praepoe

103 1199 209 1264 nenda
223 1201 259 1265 fit
272 1200 423 1288 vulgatae.
459 1201 593 1266 Didium
612 1200 757 1288 Dionyfii
775 1200 870 1289 plane
884 1202 982 1267 habet
1001 1202 1138 1277 formam

103 1301 319 1368 Socraticam:
343 1319 479 1389 excepto
493 1304 589 1368 verbo
610 1307 748 1383 εὐπαθεῖν,
764 1302 852 1389 quod
873 1304 981 1390 potius
1001 1326 1020 1369 a
1040 1303 1137 1381 librae
1247 1342 1251 1350 =

102 1401 163 1481 rio,
179 1425 276 1489 quarn
294 1427 313 1467 a
330 1404 502 1469 Plutarcho
518 1405 579 1468 elle
601 1403 747 1485 videtur3
770 1404 922 1491 liquidem
941 1405 984 1469 est
996 1403 1140 1492 suaviter

103 1502 196 1588 affici,
224 1505 427 1593 voluptatibus
447 1505 533 1591 frui,
563 1527 622 1570 nec
648 1505 701 1590 ipli
730 1504 794 1570 alio
822 1505 912 1570 sensu
936 1506 1139 1592 usurpatum,

103 1604 202 1671 veluti
216 1608 365 1672 Amator.
381 1629 414 1693 p.
427 1611 502 1692 765.
517 1609 564 1674 D.
600 1607 668 1672 Vit.
683 1611 759 1689 416.
776 1609 815 1673 B.
836 1609 913 1694 526.
929 1608 970 1673 C.
994 1627 1069 1696 949.
1083 1608 1137 1674 De

104 1706 262 1773 sententia
279 1708 377 1796 hujus
391 1709 454 1774 loci
477 1709 656 1795 postulabat
669 1707 697 1772 εὖ
711 1709 834 1794 enixus,
848 1722 905 1775 aut
917 1723 1004 1775 certe
1024 1708 1053 1775 ni
1071 1737 1138 1789 arra.

101 1816 170 1891 driu,
186 1811 326 1899 benefida
344 1813 509 1900 percepff,
523 1834 661 1898 quorum
678 1825 785 1878 tamen
802 1813 890 1899 prius
904 1811 1027 1877 malim.

148 1914 221 2004 176.
240 1913 276 1976 B.
301 1913 366 1998 ιγ’]
403 1912 488 1977 Illud
511 1920 640 1976 ποιοῦντα
661 1915 693 1977 ri
712 1913 852 2001 χρήσιμον
876 1910 1013 1999 vixque-or,
1040 1910 1139 1992 habet

103 2012 365 2100 fignificationem
391 2015 538 2081 vocabuli
561 2016 728 2104 xptjpe'erev,
751 2016 956 2105 peueniarum,
975 2014 1064 2102 quod
1085 2014 1139 2095 die

102 2113 186 2179 citur
207 2137 226 2179 a
245 2122 374 2203 xgibeu,
398 2118 525 2197 utend03
558 2118 666 2203 itaque
688 2117 926 2205 distinguuntur
945 2117 1086 2204 χρήματα
1104 2129 1139 2196 et

103 2218 236 2299 κτήματα
251 2220 413 2285 Socratica
426 2220 571 2286 dobirina
591 2219 679 2307 apud
700 2220 952 2305 Xenophontem
969 2221 1094 2284 OEcon.
1109 2219 1138 2283 1.

102 2335 133 2400 7,
148 2319 179 2398 8,
195 2341 227 2405 9.
248 2343 307 2385 nec
326 2322 466 2407 χρήματα
488 2323 561 2388 sunt
576 2320 630 2385 nili
650 2343 688 2386 ea
702 2321 820 2407 quibus
841 2319 913 2406 quis
931 2319 991 2385 scit
1005 2325 1136 2417 midas,

102 2419 210 2506 itaque
232 2422 314 2487 liunt
335 2424 394 2487 usu
411 2425 544 2510 χρήσιμα
566 2445 638 2508 quae
662 2422 724 2487 fine
745 2421 804 2487 usu
824 2419 941 2507 ἅχρηςα
962 2421 1046 2499 sunt.
1086 2421 1139 2502 De

102 2524 300 2609 oppofitione
311 2526 439 2613 χςῆσιως
455 2540 488 2590 et
502 2526 623 2603 κτήσεως
637 2523 775 2589 diximus
791 2546 825 2609 p.
842 2540 915 2610 137.
930 2525 969 2587 E.

147 2627 219 2709 176.
236 2627 276 2691 C.
307 2627 538 2694 nlonnzlon
564 2630 649 2690 ΊῸΥ
676 2629 911 2691 ΝΕΩΤΕΡΟΥ.
940 2624 993 2709 α’.]
1030 2623 1142 2707 Palline

103 2728 275 2794 Veteribus
291 2744 501 2794 memoratum
526 2727 624 2816 hujus
638 2749 717 2814 erga
731 2727 814 2791 viros
829 2726 941 2792 doctos
956 2726 1058 2812 ipsum
1081 2724 1139 2797 ade

105 2827 268 2907 mirantes,
284 2831 371 2915 apud
389 2853 464 2896 eum
484 2830 570 2894 laute
589 2828 728 2907 habitos,
752 2827 909 2892 studium:
933 2828 1052 2915 dequo
1067 2827 1143 2895 satie

105 2930 140 2997 fit
158 2953 196 2995 ex
211 2931 321 2996 multis
337 2931 474 2996 laudasse
488 2931 672 3018 Diogenem
690 2929 855 2994 Laertium
869 2930 951 2995 libro
966 2931 1011 2995 ΙΙ.
1027 2943 1060 2995 et
1076 2931 1140 3009 111.

104 3032 283 3097 Lucianum
304 3035 427 3099 Parafit.
444 3035 483 3099 T.
497 3035 542 3097 ll.
567 3055 599 3119 p.
617 3033 690 3096 860.
728 3034 888 3119 Necyom.
906 3034 945 3096 T.
963 3034 990 3096 l.
1014 3054 1048 3119 p.
1062 3049 1140 3117 474.

105 3134 191 3200 Illud
209 3158 274 3199 non
289 3134 548 3221 praetereundum
560 3133 707 3222 sophistas
727 3133 780 3199 hic
797 3157 816 3198 e
831 3133 974 3222 Dionyfii
995 3135 1141 3221 persona,

104 3235 168 3300 dici
183 3237 324 3301 universe
339 3238 465 3301 homines
479 3238 575 3301 decios
588 3248 617 3298 et
631 3235 795 3301 doflrinam
807 3233 992 3322 profitentem
1016 3257 1094 3322 ergo
1107 3250 1142 3301 et

101 3350 251 3423 peccaset
267 3338 448 3428 philosophos
469 3351 504 3404 et
525 3339 665 3418 rhetores,
689 3353 723 3403 et
743 3337 843 3405 alios:
867 3336 991 3423 dequo
1011 3332 1153 3418 nomine⁸

105 3439 252 3524 quaedam
270 3439 408 3504 diximus
426 3463 459 3527 p.
473 3441 526 3525 96.
543 3441 587 3503 A.

152 3545 223 3625 176.
239 3541 279 3606 C.
303 3539 343 3622 β.
366 3541 570 3626 nonullo-4
601 3538 710 3627 Hujus
735 3539 858 3604 mentio
879 3539 916 3604 fit
939 3538 972 3604 in
1001 3539 1143 3622 Platonis

106 3639 243 3725 Epistola
269 3643 313 3706 11.
336 3642 377 3706 ad
398 3641 588 3730 Dionysium
618 3662 651 3726 p.
670 3642 744 3726 706.
764 3642 803 3706 B.
833 3657 908 3725 707.
927 3641 978 3706 G:
1008 3641 1142 3727 Ἐγῶὃὶ

105 3743 173 3827 arepl
196 3742 433 3823 Πολυξένυ-κα)
451 3744 520 3831 περὶ
542 3743 712 3829 Λυκόφρονος
732 3741 779 3821 καὶ
797 3751 851 3806 τῶν
873 3740 969 3806 ἄλλων
986 3753 1040 3809 τῶν
1057 3744 1144 3832 παρά

104 3868 148 3913 σοι
167 3843 247 3907 ὄντων
262 3845 339 3930 λέγω
355 3847 402 3909 καὶ
425 3847 524 3925 σάλοι(
544 3843 591 3911 uei
612 3852 654 3908 νῦν
675 3846 721 3908 τὸν
742 3845 824 3909 αὐτὸν
843 3843 939 3929 λόγον,
959 3845 1000 3910 ὅτι
1018 3849 1092 3935 arpis
1109 3850 1143 3928 ri

104 3945 284 4030 διαλιχθῆνῳ
300 3945 345 4026 κα)
359 3947 435 4025 φύσει
450 3945 543 4033 mimi
561 3944 670 4031 μεθόδῳ
686 3954 739 4010 τῶν
753 3945 845 4030 λόγων
857 3946 1000 4029 πάμπολυ
1013 3946 1144 4036 διαφέρῃ

105 4048 204 4109 αὐτῶν·
234 4046 281 4127 καὶ
298 4046 378 4136 οὐδεὶς
395 4052 485 4112 αὐτῶν
504 4047 571 4111 ἑκὼν
592 4047 786 4133 ἒξελέγχπαρ,
802 4045 838 4122 ὥς
854 4073 922 4123 τινες
940 4049 1142 4132 irremedia-

105 4174 150 4210 σιν
169 4151 235 4211 ἀλλ’
250 4147 372 4223 ἄκοντες.
410 4150 507 4216 Unde
528 4164 660 4236 apparet
680 4172 755 4214 eum
779 4149 911 4214 subinde
934 4150 1141 4240 Dionyfioip

108 4250 301 4336 disputando
316 4251 414 4319 veluti
431 4253 616 4319 convictum
634 4251 830 4319 conceffiffc:
853 4252 941 4340 quod
955 4274 1031 4320 eum
1045 4256 1141 4338 fimu-
