2692 4770
172 341 233 396 812
296 341 299 347 ’
361 337 401 399 D.
415 338 468 399 W.
487 337 697 399 ANIMAnv.
717 338 766 399 IN
785 336 1016 398 PLUTARCHI

298 498 398 579 ΑΒῶς,
412 502 466 578 ἤτ’
480 499 580 590 ἄνδρας
593 499 673 586 μίγα
685 500 788 579 civem
801 502 839 580 Id
853 501 961 579 ὀνίνησι·
1019 556 1022 560 .
1123 494 1128 500 ’
1193 517 1198 525 ’

170 619 211 665 ox
226 599 370 667 Homero
384 601 563 688 profedum
579 600 672 668 Iliad.
687 606 730 667 Ω.
744 615 809 686 45:
1000 588 1004 599 ’

490 718 493 723 “
602 701 706 766 -οὐδᾶ
718 707 742 767 oI
755 700 835 776 adds

296 802 415 883 Γίνεταν,
430 806 448 881 ἦ
459 806 485 868 τ’
497 802 595 890 ἄνδρας
607 803 689 890 μέγα
701 802 806 884 cimon
818 805 856 881 88
871 801 980 879 δνίνησι.

213 921 285 985 124.
301 904 340 969 Β.
361 912 410 969 τοῦ
423 913 558 992 τραγικοῦ
572 905 730 994 Κρέοντος.]
758 907 796 971 In
818 902 977 991 Euripidis
991 901 1110 968 Medea
1125 920 1199 989 290.

168 1001 357 1071 Plutarchus
371 1005 412 1072 nd
426 1005 518 1073 suum
536 1007 601 1095 ipse
622 1021 852 1095 argumentum
868 1004 1119 1071 aooommodano
1133 1018 1200 1069 tra-

165 1104 232 1193 giei
245 1104 419 1173 didionem
435 1131 494 1195 pro
507 1110 589 1195 γόναν
601 1109 690 1175 dedit
703 1109 773 1188 ξένε.

207 1226 280 1290 124.
295 1210 334 1276 Β.
355 1213 414 1274 οὐδὲ
434 1211 519 1298 λέγον
532 1210 596 1277 ἄνευ
612 1212 725 1287 κύλικος
743 1210 791 1288 nai
810 1210 1085 1303 κνίσσηςιᾶνθρῶποις
1098 1212 1199 1285 ἐπισά-

163 1335 242 1391 μνον
263 1316 392 1399 ὁμιλεῖν]
420 1315 619 1401 Pmoeptum
641 1314 795 1381 tractatur
807 1314 936 1379 uberius
959 1315 1150 1402 Sympos.1.
1168 1335 1198 1381 1.

163 1410 260 1479 VIII.
276 1432 307 1478 1.
329 1415 414 1501 λόγος
427 1416 489 1482 hoo
503 1417 577 1483 loeo
589 1417 634 1483 est
655 1419 731 1482 ratio
752 1430 781 1482 ct
801 1418 905 1496 natio,
924 1416 966 1481 de
981 1439 1045 1504 que
1065 1417 1198 1485 notione

163 1513 349 1580 monuimus
364 1536 397 1602 p.
408 1537 442 1604 5.
458 1520 497 1583 E.
527 1516 606 1583 lnde
620 1516 712 1602 λόγων
725 1521 843 1605 κρατὴρ,
858 1539 892 1603 p.
910 1517 983 1602 156.
997 1517 1036 1580 E.
1066 1516 1198 1582 Nomen

163 1612 261 1693 κνίσση
281 1615 448 1704 attigimus
468 1639 502 1706 p.
519 1637 592 1704 123.
608 1620 648 1684 B.
663 1618 696 1684 in
711 1616 862 1692 ἄκννσσοςε
886 1617 926 1683 fic
943 1639 976 1705 p.
990 1618 1066 1683 686.
1082 1618 1132 1684 C:
1156 1618 1199 1683 de

163 1713 305 1783 seenficii
327 1717 439 1785 nidore
464 1742 499 1807 p.
519 1721 573 1807 83.
596 1720 645 1785 C:
680 1720 763 1808 sepe
786 1719 969 1786 Lucienus:
1002 1720 1197 1809 Porphynue

161 1816 215 1885 De
228 1820 351 1886 Abstin.
369 1823 413 1887 II.
424 1842 483 1905 42:
506 1823 579 1888 οὗτοι
599 1827 624 1887 oI
641 1822 788 1911 χαῖςονης
809 1820 888 1908 λονὸῇ
904 1848 936 1886 τε
952 1821 1049 1910 κνίσσῃ
1062 1845 1106 1888 τε.
1142 1824 1195 1890 Do

160 1917 233 1985 Diis
255 1920 466 1991 Homericum
488 1923 529 1990 11.
544 1932 583 1991 Δ.
598 1944 653 2011 49.
681 1926 710 1988 I.
723 1926 800 2010 496.
826 1927 869 1987 Ω.
887 1940 946 2009 70:
975 1923 1064 2009 prius
1086 1945 1194 2011 repre·

160 2018 274 2087 hendit
288 2023 377 2090 Plato
391 2027 471 2114 Rep.
488 2026 534 2092 11.
550 2046 585 2113 p.
599 2044 676 2109 424.
688 2026 734 2092 1).
749 2025 871 2112 spednt
884 2024 961 2090 item
976 2027 1058 2112 Leg.
1073 2027 1136 2091 XI.
1159 2047 1194 2113 p.

159 2124 235 2209 673.
251 2124 291 2190 C.
324 2127 376 2191 De
388 2126 506 2214 gulofin
521 2128 741 2216 Hieronymus
757 2126 841 2192 Λᾶν.
855 2126 1013 2193 Jovinien.
1030 2129 1075 2195 11.
1090 2149 1124 2214 p.
1137 2147 1194 2214 54.

159 2225 196 2293 F.
217 2225 292 2292 Gom
305 2227 403 2293 variis
415 2227 566 2295 nidoribus
575 2228 706 2316 Μηνὶ
716 2229 842 2315 patina,
855 2230 900 2294 ad
911 2229 988 2317 esum
995 2230 1062 2315 su2',
1077 2229 1194 2319 expleto

158 2327 262 2415 fierit,
277 2330 365 2418 quast
373 2331 507 2420 captivos
520 2333 693 2397 extrahunt.
722 2330 883 2398 Juvenalis
897 2334 966 2397 Sat.
977 2333 1019 2397 V.
1037 2334 1093 2397 161
1111 2358 1120 2397 t
1145 2333 1193 2397 Tu

157 2429 214 2494 tibi
232 2428 309 2497 liber
329 2432 409 2499 bomo
431 2444 459 2497 ct
476 2433 555 2521 regis
577 2434 707 2500 convz‘va
727 2432 862 2498 videris:
887 2433 1014 2521 Captum
1035 2446 1065 2498 te
1088 2435 1193 2500 nidore

147 2533 221 2620 suae
237 2547 328 2624 putat
341 2533 394 2600 ille
407 2535 527 2603 nclinae.
563 2535 716 2602 festivum
732 2537 774 2602 est
790 2535 893 2602 Plauti
907 2536 1046 2601 Mostell.
1062 2539 1089 2601 Ι.
1107 2558 1189 2623 1.5:

157 2632 234 2714 Exi,
248 2635 382 2722 inquam,
398 2636 485 2701 nidor
500 2661 515 2700 e
530 2635 650 2701 nelina.-
673 2637 750 2725 quid
761 2635 867 2701 lates?
888 2636 944 2701 ubi
960 2636 1024 2701 vim
1039 2638 1127 2702 vocin
1140 2660 1194 2703 ην

157 2734 208 2801 &e
229 2736 368 2824 explicat
387 2740 418 2804 J.
434 2740 469 2804 F.
485 2738 677 2804 Gronovius.
712 2737 831 2805 Similis
853 2738 929 2803 huic
950 2739 993 2802 est
1015 2739 1134 2825 species
1155 2740 1189 2805 iu

155 2837 375 2925 Aristophanis
390 2854 577 2905 commento
593 2841 690 2925 Vesp.
710 2858 782 2921 142.
797 2841 863 2926 ¹seq.
885 2841 977 2905 senex
993 2840 1188 2929 Bdelycleou

155 2941 256 3002 καπνὸν
281 2940 311 3004 se
333 2940 465 3020 faciens,
489 2941 547 3007 sub
567 2963 670 3027 eoque
695 2940 825 3006 nomine
847 2962 904 3028 per
925 2941 1090 3007 caminum
1111 2964 1185 3008 eva·

154 3037 247 3107 dens.

197 3162 271 3225 124.
286 3144 324 3208 Β.
349 3144 563 3231 συμπεριφορᾶς]
592 3143 874 3210 Animadvertntur
888 3145 977 3212 notio
992 3145 1187 3235 circumpota·

153 3244 251 3326 tionis,
273 3247 497 3334 conversationis
519 3246 551 3310 ν’νν
573 3246 677 3334 epulis.
716 3245 769 3311 Sic
784 3246 877 3332 supra
896 3269 931 3333 p.
956 3267 1028 3333 123.
1047 3250 1089 3312 E.
1111 3271 1190 3316 mox

157 3351 228 3417 126.
245 3351 281 3416 F.
314 3367 387 3436 129.
402 3349 440 3411 Ε.
464 3349 539 3431 678.
555 3348 595 3413 C.
620 3349 694 3433 679.
709 3350 748 3412 E.
786 3347 895 3412 Sedet
911 3346 952 3412 de
970 3348 1041 3413 aliis
1058 3350 1187 3436 generi-

152 3451 213 3517 bus
235 3448 503 3516 consuetudinum
525 3471 590 3514 una
611 3447 749 3535 degendi
773 3461 807 3512 et
827 3449 1034 3514 conversandi
1055 3450 1187 3536 usurpa·

153 3565 216 3631 tur,
242 3576 275 3640 p.
294 3572 364 3634 141.
386 3552 429 3617 Α.
453 3568 527 3635 712.
544 3552 583 3616 C.
613 3552 687 3637 981.
702 3553 740 3616 B.
778 3554 861 3616 Item
883 3551 1028 3616 Verbum
1049 3578 1186 3641 euprepu-

151 3655 281 3742 96929804
294 3653 457 3740 duplicem
480 3652 567 3717 illam
590 3654 688 3718 babet
710 3653 877 3718 notionem
894 3674 969 3718 cum
989 3655 1188 3737 convivandi,

149 3769 221 3823 tum
242 3755 382 3844 versandi
405 3780 469 3819 cum
489 3755 651 3820 bominibus
672 3768 700 3818 ct
722 3755 820 3833 rebus,
844 3775 877 3840 p.
892 3755 968 3835 468.
988 3758 1027 3821 E.
1051 3772 1125 3843 709.
1139 3759 1185 3823 D.

150 3873 225 3945 927.
241 3858 283 3924 C.
315 3856 495 3923 Athenaeus
509 3860 551 3923 X.
567 3879 600 3943 p.
612 3858 688 3942 438.
703 3858 748 3921 A.
770 3858 862 3922 XIV.
880 3859 956 3938 624.
968 3856 1009 3921 C.
1036 3859 1187 3925 Stobaeun

7 3966 11 3973 ·
147 3963 214 4031 ut.
230 3959 400 4027 Lxxvn.
423 3980 457 4045 p.
472 3962 548 4045 456·
562 3976 627 4044 50³
650 3958 803 4043 Ἀγνώμον
818 3960 912 4045 ...n
933 3959 1062 4047 καθάπερ
1075 3965 1186 4049 einen

147 4063 219 4152 νὸμφ
240 4061 484 4149 σνμπερνενεκτέον·
519 4060 574 4126 ubi
599 4061 670 4146 νόμῳ
691 4059 883 4125 mutandum
907 4059 1033 4127 videtur
1053 4061 1087 4125 in
1110 4060 1182 4148 οἴνῳ·

149 4168 224 4232 Cum
241 4175 332 4255 patre
349 4162 450 4251 iniquo
471 4163 705 4250 consuescendum
723 4175 757 4225 ut
777 4186 841 4226 cum
862 4160 972 4247 austero
985 4162 1070 4228 oino-
1106 4164 1184 4229 Por·

147 4267 281 4356 phyrius
295 4268 347 4334 De
360 4265 484 4333 Abstin.
501 4267 545 4331 11.
559 4267 614 4331 61.
650 4263 726 4363 Alie
740 4263 780 4329 de
794 4263 855 4330 heo
870 4263 1002 4331 notione
1019 4264 1092 4353 jam
1106 4286 1182 4333 mo·
