2692 4770
327 303 531 368 1110an
546 305 770 369 Lucomcn.
788 304 1079 386 paeon-aem.
1142 309 1220 376 neo

178 461 356 532 Meurfium
379 469 484 536 festive
504 470 706 557 reprehendit
728 470 808 538 Chr.
827 470 894 536 Ad.
914 469 1063 535 Klotzius
1084 467 1116 531 in
1138 465 1213 532 Dis·

177 564 251 631 sert.
265 567 306 634 de
320 572 449 658 Tyrtaeo
471 594 504 657 p.
523 591 596 659 154.
621 575 748 639 Neuter
761 573 870 639 locum
887 571 1027 638 Platonis
1042 580 1212 635 memorat.

178 665 287 734 Credo
301 670 397 737 etiam
413 674 445 738 in
461 675 617 739 Veterum
638 674 859 740 monumentis
879 673 959 739 alios
979 672 1051 738 ferri
1068 669 1212 758 peregri-

176 773 237 831 nos
255 790 275 832 a
295 771 458 856 Spartanis
474 775 577 840 sadioa
590 776 685 841 cirea.
723 774 787 842 Sed
802 775 879 841 huic
893 772 1058 862 quaestioni
1075 795 1139 837 non
1159 769 1214 836 hic

174 869 219 932 est
233 868 336 937 locus.
1155 908 1160 917 ·

218 990 292 1058 230.
309 977 347 1040 E.
377 975 423 1063 22]
457 978 652 1065 Responsum
676 977 784 1044 similia
802 976 987 1067 argumenti
1008 989 1106 1063 atque
1130 974 1209 1041 effa·

171 1081 244 1137 'tum
259 1075 538 1163 Philosophorum,
553 1103 643 1145 verm
657 1080 783 1145 divitias
796 1081 828 1144 in
841 1081 941 1144 animo
954 1080 1008 1165 effe
1023 1078 1146 1166 poſstas:
1168 1075 1212 1142 de

171 1196 238 1261 quo
253 1176 343 1243 Plato
354 1181 435 1268 Leg.
449 1182 511 1246 XI.
527 1202 561 1267 p.
573 1185 612 1267 67
615 1198 648 1269 5.
663 1183 700 1247 B.
725 1182 907 1268 Xenophon
923 1179 1070 1270 Sympos.
1085 1200 1120 1266 p.
1132 1181 1209 1263 885.

170 1278 210 1341 Ε.
238 1278 355 1345 Cicero
377 1283 531 1348 Paradox.
553 1286 613 1351 VI.
638 1305 668 1350 1.
707 1286 831 1351 Seneca
853 1287 916 1372 Ep.
938 1284 1048 1350 XCII.
1071 1303 1105 1371 p.
1119 1281 1207 1368 338:

169 1401 232 1444 noa
245 1379 323 1446 alibi
337 1381 494 1450 dicemus.
1109 1381 1112 1385 ’

214 1499 288 1567 250.
305 1484 344 1547 Ε.
365 1482 419 1571 ς’.]
445 1488 596 1552 Sumtum
616 1510 656 1552 ex
678 1487 849 1553 Herodoto
864 1488 925 1553 IX.
943 1486 1007 1554 822
1030 1485 1087 1574 qui
1102 1497 1209 1551 namet

169 1583 369 1665 Pausaniam,
384 1586 505 1674 duplici
524 1610 628 1669 coena,
648 1590 751 1655 altera
772 1590 902 1669 Persica,
921 1611 943 1654 a
962 1587 1128 1655 Mandonii
1148 1609 1207 1654 co·

167 1686 252 1772 quia,
271 1687 373 1752 altera
391 1689 551 1755 Laconica
567 1713 587 1755 a
601 1690 665 1756 suia
681 1691 832 1757 instructa
843 1690 1055 1777 -we‘tcam
1068 1690 1206 1774 primip-

166 1788 271 1869 ψαθοις
287 1798 341 1854 τοῖιν
353 1790 496 1869 Ἐλλήνων
514 1793 576 1868 τοὺς
597 1792 762 1879 sperneretis·
785 1791 971 1857 συνελθόντων
987 1792 1015 1854 di
1030 1789 1147 1871 τιοτὲιον,
1164 1788 1206 1854 al·

160 1916 217 1970 τοις
235 1893 283 1955 τὸν
307 1892 483 1972 Παυσανίην,
503 1893 641 1958 δεικνύντα
660 1898 697 1969 εἰς
716 1893 846 1979 ἱνατύρην
863 1901 912 1958 τοῦ
931 1892 1023 1957 daim
1043 1896 1091 1972 riv
1108 1918 1205 1980 παρα·

166 1991 275 2069 otwin·
310 1989 457 2080 “'Avdptf
471 1990 620 2073 Ἕλληνος,
643 1995 725 2058 τῶνδο
746 1993 836 2058 εἵνεκα
860 1991 918 2079 Pyd
939 1998 1011 2077 ύμοῖς
1031 1992 1205 2078 συνήγαγον,

166 2097 192 2131 “
207 2092 360 2175 βνλύμονος
376 2098 439 2176 ὑμῖν
450 2095 528 2158 town
544 2101 592 2159 τοῦ
606 2095 709 2174 Μήδιον
722 2095 853 2181 ἡγοριύνος
869 2098 918 2174 τὴν
936 2094 1087 2182 ἀφροσύνην
1107 2096 1202 2173 δεῖξον·

165 2192 234 2270 “is
257 2197 357 2275 τοιήνδε
379 2197 486 2263 δίαιταν
509 2197 595 2284 ὅροιν,
617 2195 702 2276 ἦλθον
723 2202 750 2275 ὂς
768 2197 855 2282 ἡμέας
876 2195 946 2262 οὕτω
965 2201 1068 2284 οἰζνριὶν
1087 2195 1205 2284 &mat

165 2303 190 2339 “
202 2298 448 2387 ἁποιςνούμενος.”

207 2416 282 2484 230.
299 2401 334 2468 1.
361 2400 611 2469 firmamur
628 2403 715 2464 ’νον
736 2397 1126 2485 armaturarum]
1149 2399 1203 2465 D·

162 2521 230 2589 quo
251 2501 411 2566 Meursiua
426 2504 530 2589 Regn.
547 2501 668 2568 Laced.
684 2502 765 2565 XII.
779 2522 814 2586 p.
828 2502 883 2566 60.

205 2622 281 2690 230.
294 2605 330 2668 F.
344 2603 399 2689 αἲ]
426 2602 564 2690 Cragiue
579 2602 691 2691 attigit
704 2604 786 2688 Rep.
799 2600 919 2693 laced.
935 2601 999 2666 111.
1014 2619 1044 2664 1.
1060 2620 1095 2686 p.
1112 2616 1186 2686 173.

140 2716 144 2723 '
205 2724 280 2791 250.
296 2707 332 2771 1.
354 2703 384 2787 β’
387 2706 411 2792 .]
438 2705 494 2771 Ab
513 2702 652 2792 Ephoria
672 2703 769 2769 exilio
784 2703 969 2782 muldatua,
984 2702 1126 2789 Tegeam
1139 2701 1198 2767 ab·

159 2803 210 2886 iit,
231 2805 342 2892 ibique
362 2805 596 2886 mortuuaestz
618 2818 658 2870 ut
672 2804 832 2870 constate
852 2802 1070 2889 Xenophonte
1085 2799 1199 2866 Helle·

159 2909 225 2976 nio.
254 2911 316 2975 111.
341 2910 398 2975 fin.
422 2930 456 2996 p.
470 2924 547 2995 507.
563 2909 601 2972 B.
638 2906 813 2973 Plutarcho
836 2906 869 2972 in
892 2906 970 2972 Vrta
991 2903 1145 2994 Lysandri
1164 2926 1199 2992 p.
1323 2938 1326 2943 ·

158 3027 236 3098 450.
262 3014 306 3078 D.
352 3011 463 3078 Simile
491 3010 568 3077 huic
589 3011 634 3075 esi
658 3009 783 3076 dictum
807 3007 960 3095 Aristippi
975 3006 1071 3095 apud
1095 2984 1217 3094 Diog.⁸

159 3115 268 3180 hert.
284 3115 329 3180 ll.
347 3132 389 3197 70
400 3140 409 3180 ι
432 3112 550 3189 εἰπόντος
562 3114 634 3187 τινος
647 3112 684 3188 οἷς
701 3110 745 3176 οἰσὶ
757 3110 823 3185 ’τοὺς
841 3109 992 3194 φιλοσόφοις
1005 3107 1106 3188 βλέποι
1119 3113 1199 3194 παρὰ

155 3222 220 3293 ταῖς
239 3225 295 3283 τῶν
314 3216 443 3282 chaelon
462 3215 571 3304 θύραις,
594 3213 653 3295 Kal
665 3218 723 3300 γὰρ
739 3210 786 3295 κού
799 3218 823 3277 ol
837 3211 937 3297 larpol,
951 3212 1028 3295 prol,
1046 3213 1125 3297 παρὰ
1136 3213 1199 3285 τοῖς

157 3327 213 3383 τῶν
226 3319 381 3384 νοσούντων·
398 3319 466 3383 ἀλλ’
482 3322 512 3382 οὔ
526 3319 572 3381 διὰ
584 3316 668 3381 voirs
678 3341 721 3391 τις
734 3313 815 3380 Imr’
825 3311 859 3379 ἂν
872 3316 957 3378 νοσεῖν
970 3311 986 3391 ἢ
1001 3311 1139 3401 ἰατρεύειν·
1163 3323 1198 3376 et

158 3420 334 3486 Servetoris
346 3419 434 3507 apud
450 3421 573 3484 Lucam
589 3418 712 3505 Evang.
728 3417 771 3482 V.
784 3435 840 3502 51.

200 3546 233 3611 p·
249 3541 325 3609 251.
341 3523 386 3589 A.
408 3517 713 3603 mammon]
734 3515 928 3582 Notavimus
949 3537 982 3602 p.
1000 3533 1072 3602 191.
1089 3516 1125 3579 F.

201 3624 324 3711 231.C.
341 3622 664 3707 Hammon]
685 3618 838 3685 Leonidae
851 3616 947 3700 filius,
956 3617 1100 3704 pupillus
1112 3617 1196 3682 Peu-

155 3725 250 3792 saniae
272 3727 396 3815 prioris,
416 3725 515 3814 paulo
532 3725 601 3811 post
618 3744 715 3810 quam
739 3721 771 3787 in
794 3721 883 3786 suam
903 3719 1037 3785 tutelam
1053 3719 1196 3799 veniffet,

155 3840 358 3915 regnumque
371 3825 568 3909 obtinuisset,
584 3823 688 3890 obiita
711 3821 832 3912 dequo
848 3821 1008 3887 Meurfiue
1022 3822 1075 3886 De
1090 3823 1197 3908 Regu.

198 4048 273 4115 231.
287 4029 327 4095 C.
349 4030 403 4117 a'.]
428 4031 506 4097 Non
520 4028 595 4095 satie
610 4028 735 4106 sanum,
750 4037 790 4092 ut
803 4024 970 4114 Xylander
983 4043 1113 4111 quoque
1129 4021 1199 4089 sus«

151 4130 280 4219 picatua
295 4132 358 4197 est:
382 4131 491 4197 minus
504 4145 615 4198 tamen
632 4128 717 4195 bene
730 4126 825 4193 vertit
841 4149 941 4215 quam
961 4126 1124 4204 Erasmus,
1139 4125 1195 4212 qui

149 4234 304 4318 reddidit,
323 4234 467 4302 Οιιοοίονν
481 4235 531 4301 ν’ὶὶὲ
542 4235 646 4300 daem
660 4255 751 4320 quam
765 4254 894 4320 regnare
907 4227 1091 4311 noluerunt,
1101 4227 1195 4318 poste·

564 4393 567 4397 .
626 4352 687 4419 4⁰
701 4353 722 4420 5
