2692 4770
197 309 351 370 smum
366 310 546 371 SAPIENT.
563 308 733 371 CONVlV.
751 329 780 388 p.
791 309 1000 370 155.E—150.
1010 311 1045 370 Α.
1086 296 1152 384 961²

110 468 175 538 loci
197 473 313 538 notitia
334 474 433 539 fretus
454 474 600 540 Erasmus
620 473 785 562 Adagium
800 473 921 538 effinxit
940 471 1145 538 Proverbium

111 595 228 659 norum
245 574 399 660 Bathyclis
415 577 555 640 Poculum
570 597 604 663 p.
623 596 716 662 1910.
732 574 819 662 quod
836 574 1057 640 condonamus
1071 572 1146 638 reli·

111 697 184 762 quae
196 677 251 740 viri
264 677 428 742 doctrinae.
452 678 563 742 Minus
573 677 822 742 condonandum
834 677 876 742 est
886 673 1020 753 Beiskio,
1030 696 1145 761 quarn·

112 799 208 863 quam
232 795 265 842 et
282 779 336 865 ipsr
360 779 536 844 doeliffimo
558 779 693 859 homini,
711 779 766 866 qui
788 778 857 844 haec
878 768 1043 864 apposuit:
1067 783 1091 816 “
1106 775 1148 841 de

112 886 137 919 “
154 880 310 969 Bathycle
327 880 473 946 statuario
495 896 653 948 memorat
668 881 833 946 Pausanias
853 898 913 967 235
930 905 938 959 3
964 879 1016 944 sed
1035 878 1078 943 de
1093 878 1144 965 ip-

113 987 138 1021 “
155 982 214 1045 fius
237 982 355 1068 poculo
378 983 423 1047 nil
445 983 591 1048 invenio:
619 981 759 1069 quisquis
781 980 834 1047 ille
857 983 952 1046 fuerit
974 979 1148 1068 Bathyclcu

113 1084 256 1148 “nostro
273 1085 444 1150 Plutarcho
459 1084 573 1165 dictur,
593 1085 710 1150 Solone
732 1107 805 1148 eum
829 1083 1038 1149 recentiorem
1058 1081 1147 1148 fuisse

112 1187 260 1252 “nullus
279 1186 414 1254 dubito:
439 1210 535 1275 quare
558 1187 654 1253 etiam
675 1187 735 1252 hac
759 1188 791 1252 in
813 1210 847 1252 re
867 1187 1044 1274 incongrua
1062 1200 1147 1250 tem·

115 1294 140 1379 ξ’
155 1312 269 1377 porum
285 1289 460 1353 rationibus
479 1288 580 1368 linxit,
596 1288 722 1354 Solonis
736 1287 873 1375 aequales
888 1287 1008 1352 faciens
1022 1309 1072 1350 res
1087 1309 1148 1352 no·
1269 1326 1276 1335 >-

114 1391 275 1454 “minare
293 1389 402 1455 multis
419 1391 567 1455 aetatibus
589 1391 655 1477 post
679 1390 809 1455 demum
830 1388 1008 1455 inventas.''
1043 1391 1093 1454 En
1114 1400 1149 1456 ct

114 1491 340 1579 ignorantiam,
356 1514 430 1557 cum
446 1491 512 1577 pari
529 1491 781 1579 reprehendendi
798 1489 939 1558 libidine.
972 1489 1149 1557 Istiusmodi

115 1595 219 1660 multa
240 1609 424 1680 poteramus
447 1617 485 1658 ex
510 1594 621 1660 Reiskii
643 1593 976 1660 Animadverlionibus
998 1592 1149 1675 excitare,

116 1718 189 1781 quae
212 1696 383 1760 maluimus
403 1696 435 1759 in
454 1695 612 1760 oblivione
633 1695 823 1782 relinquere.
862 1695 927 1759 lllis
946 1694 1078 1760 minime
1096 1694 1149 1782 ig-

118 1796 324 1877 noscendum,
340 1797 396 1884 qui
420 1798 449 1862 se
472 1797 659 1861 Graecorum
675 1796 862 1882 scriptorum
883 1790 1020 1869 editores'
1042 1796 1150 1861 feren·

119 1914 181 1978 tes,
198 1899 360 1965 Reiskiana
374 1899 482 1963 omnia
496 1899 673 1984 promiscue
688 1913 860 1983 reponunt.
926 1892 927 1897 ¹

165 2016 237 2087 155.
255 2005 288 2066 F.
306 2000 407 2090 Ἔργον
421 2002 448 2064 δί
463 1999 709 2088 Κνπςογενοῦς-]
737 1999 825 2062 Citat
842 1998 1030 2064 Plutarchus
1048 1999 1081 2063 ln
1100 1998 1150 2064 Α·

118 2103 255 2168 matorio
278 2126 310 2190 p.
326 2121 399 2188 751.
417 2106 461 2168 E:
486 2101 604 2167 Solone
622 2123 654 2188 p.
668 2103 720 2187 96.
735 2103 781 2165 E:
808 2100 956 2165 Hcrmias
972 2100 1151 2166 Commen-

119 2221 179 2271 tar.
209 2207 285 2270 MS.
310 2207 342 2270 in
369 2205 509 2271 Platonis
539 2202 719 2283 Phaedrum,
750 2201 866 2267 citatus
893 2202 1089 2268 Ruhukcnio
1110 2188 1153 2270 aa

120 2306 356 2372 Callimachum
373 2329 405 2394 p.
418 2325 494 2387 421.

165 2428 178 2471 1
182 2426 203 2493 5
204 2424 236 2493 5.
253 2412 286 2473 F.
309 2409 379 2472 Ἐάν
392 2435 433 2483 τις
447 2413 520 2473 lesia
533 2409 641 2492 μεθύων
655 2408 823 2496 ἁμάρτῃ-]
847 2409 1010 2474 Memorat
1026 2407 1152 2496 aliquo·

117 2509 179 2574 ties
194 2509 396 2574 Aristoteles:
421 2510 557 2596 Republ.
576 2511 621 2574 Il.
636 2528 693 2575 12:
718 2509 824 2594 ἐγένετο
838 2509 899 2594 lia&
915 2508 1052 2583 l'llrlax05
1067 2509 1153 2591 νόμιον

86 2611 89 2615 ’
118 2611 280 2696 δημνεμγὸς,
294 2614 361 2675 ἁλλ’
375 2615 403 2675 οὗ
418 2610 567 2685 πολιτείας·
591 2610 668 2692 νόμος
682 2611 703 2671 δ’
715 2608 780 2684 illoc
795 2614 889 2687 αὐτοῦ,
910 2612 941 2673 τὸ
960 2612 1021 2684 τοὺς
1033 2612 1152 2693 μεθύον-

119 2738 183 2789 τας,
199 2708 232 2773 ἂν
247 2712 373 2790 finiatur,
387 2709 480 2774 πλέον
496 2709 594 2792 ζημίαν
609 2709 740 2773 &norim
754 2717 808 2772 τῶν
827 2709 968 2790 νηφόντων·
991 2713 1036 2773 δνοὶ
1049 2715 1106 2798 γοὶμ
1119 2714 1153 2776 ri

119 2811 224 2886 πλέες
240 2810 352 2900 legiler
365 2811 528 2895 μεθύοντας,
544 2810 559 2889 ἢ
573 2811 716 2894 νήφοντος,
727 2814 756 2874 ον’
769 2811 834 2899 πρὸς
848 2814 896 2889 τὴν
909 2812 1068 2897 συγῖνῶμην
1081 2813 1153 2877 ἀσέ-

120 2913 235 2994 ἔλεψεν,
255 2913 294 2978 ὅτι
312 2918 348 2978 δεῖ
364 2914 500 2997 pallacii
521 2913 594 3001 ἔχειν
612 2919 735 2997 μᾶλλον,
757 2917 838 2977 ἀλλὰ
858 2917 932 3003 πρὸς
952 2916 983 2978 τὸ
1006 2914 1152 3003 συμφέρον·

119 3016 178 3081 ubi
192 3016 250 3080 viri
272 3016 358 3082 docti
374 3038 432 3102 pro
446 3015 560 3080 τῦσἸωσο
583 3013 669 3080 haud
689 3028 809 3079 temere
824 3015 991 3103 corrigunt
1009 3017 1152 3082 πΊαίσονσν·

119 3118 154 3183 in
168 3117 331 3205 postremis
347 3141 411 3182 non
427 3138 508 3205 opus
522 3115 729 3196 correctione,
746 3114 800 3181 sed
814 3137 871 3202 per
885 3117 1051 3206 enallageu
1068 3119 1155 3184 acci·

120 3219 289 3305 piendum,
304 3219 386 3306 quast
403 3219 554 3305 scriptum
569 3219 644 3283 ell'et
657 3217 698 3281 in
714 3220 753 3281 lei
770 3222 817 3296 τὴν
836 3219 994 3304 σνγῐνῶμην
1019 3220 1155 3302 μεθύνσνν

121 3321 207 3407 &aa
229 3346 286 3387 non
308 3322 448 3385 rationem
471 3320 576 3384 hahuit
597 3320 708 3398 verriae,
730 3343 820 3407 quam
837 3321 969 3384 dandam
990 3323 1044 3408 effe
1058 3323 1156 3413 magis

120 3424 229 3488 ebriis:
253 3425 412 3510 spectatur
427 3422 516 3487 srmul
532 3420 618 3486 aliud
640 3422 753 3486 Pittaci
774 3422 871 3510 idque
891 3423 1001 3489 nobile
1018 3423 1153 3506 dietum,

119 3524 264 3609 wylva‘pa
277 3524 411 3613 τιμωρίας
433 3524 576 3612 κρείσσων.
613 3522 733 3587 Eadem
756 3523 806 3589 lex
827 3539 1024 3590 memoratur
1044 3527 1153 3593 Ethic.

120 3624 316 3689 Nicomach.
344 3625 406 3688 lll.
429 3641 471 3709 52
507 3622 751 3710 reprehenditur
775 3623 936 3689 Rhetoric.
961 3627 1005 3690 ll.
1022 3645 1074 3708 24.
1098 3628 1153 3694 fin.

119 3728 287 3814 Diogenes
301 3729 408 3791 Laert.
426 3728 453 3790 l.
468 3728 523 3810 76:
547 3725 630 3808 νόμος
644 3725 671 3789 li
686 3724 767 3804 ἔθηκε
780 3733 819 3810 τῷ
832 3727 957 3809 palloris,
971 3731 1018 3793 tar
1031 3732 1155 3820 ἁμάρτῃ,

120 3831 217 3907 διπλῆν
238 3828 304 3910 οἶνον
316 3834 363 3907 τὴν
378 3827 486 3911 ζημίαν·
508 3827 553 3893 lta
570 3833 608 3911 μὴ
632 3828 769 3910 μεθύωσι,
790 3827 894 3893 πολλοῦ
913 3836 990 3895 κοντοὶ
1009 3837 1057 3912 τὴν
1079 3840 1156 3912 νῆσον

120 3929 178 3994 οἷον
193 3930 344 4016 γινομένου·
369 3930 425 3995 ubi
440 3929 493 3994 nist
509 3929 683 4017 legendum
701 3929 792 4013 νόμον,
811 3945 899 3997 certe
917 3934 985 4018 post
1005 3933 1085 4014 ἔθηκε
1098 3957 1156 4001 ex·

121 4030 229 4096 cidisse
244 4031 425 4118 putandum
440 4035 467 4097 ἐν
480 4031 517 4106 οἷς
531 4031 579 4095 vel
594 4032 703 4096 fimile.
749 4042 754 4050 '

168 4150 240 4219 155.
257 4135 400 4218 F—156.
416 4134 459 4197 A.
481 4131 586 4219 oripuor
601 4137 660 4221 γὰρ
675 4131 721 4213 καὶ
734 4133 842 4220 νυνὶ-]
870 4135 952 4198 Item
969 4135 1061 4200 Harl.
1080 4157 1108 4202 1.
1124 4157 1156 4207 2.

119 4232 200 4300 dant
215 4240 301 4323 παρὰ
314 4233 382 4300 λίθον
396 4235 422 4301 τ’
437 4237 556 4322 ἀδελφῷ·
580 4255 621 4299 an
637 4234 720 4301 forte
734 4235 901 4322 respicitur
920 4237 962 4302 ad
979 4237 1157 4306 convivium

168 4356 257 4402 von.
275 4355 329 4403 vr.
627 4354 688 4422 3ο
