2692 4770
291 330 493 401 Arontrn.
508 342 597 403 suc.
611 340 664 401 nr
677 335 773 404 nuc.
791 341 1001 421 plone-E.
1085 341 1158 419 1091

127 490 179 563 Dc
194 496 285 588 Reip.
301 505 378 568 Ger.
396 505 493 569 Praec.
512 528 544 592 p.
559 506 633 570 808.
648 506 690 571 A.
720 508 772 571 De
791 504 972 593 hujusmodi
988 505 1158 591 quaestions

128 600 253 666 Gellius
276 598 304 667 I.
319 625 352 690 3.
376 604 498 670 erudite
522 606 669 672 differens
693 608 756 672 hoc
776 608 873 672 etiam
895 607 1075 693 exemplum
1098 598 1164 671 ad·'

125 701 208 766 fert:
235 702 362 769 Pericles
386 705 438 770 ille
453 706 652 794 Atheatierfis,
672 709 811 795 egregius
825 709 876 773 vir
892 709 1009 794 ingenio
1023 708 1159 797 bonisque

126 805 257 868 omnibus
270 807 432 895 disciplinis
447 821 580 890 ornatus,
597 810 628 874 in
641 834 703 875 una
718 811 834 898 quidem
842 811 951 899 specie,
959 811 1021 897 scd
1036 809 1160 897 planius

124 914 225 970 lamen
240 908 316 995 quid
331 906 518 995 existimaret,
529 909 734 999 proscffiasest.
772 912 958 998 Numquam
972 910 1081 974 amicus
1094 932 1160 976 eum

124 1019 248 1093 rogaret
262 1020 295 1072 ut
314 1024 368 1097 pro
383 1035 415 1072 re
436 1008 591 1098 cnufflque
604 1012 664 1100 rjus
674 1011 794 1098 falsum
808 1012 962 1101 dejeraret,
975 1012 1021 1075 bis
1036 1012 1079 1074 od
1095 1036 1159 1078 eum

123 1108 226 1173 uerbis
245 1112 313 1196 usus
329 1109 366 1196 est
385 1114 424 1174 δεῖ
435 1113 486 1194 μὲν
500 1112 676 1199 συμπρᾶτῗειν
689 1117 744 1188 τοῖς
758 1112 856 1195 φίλοις,
875 1118 955 1178 ἀλλὰ
972 1112 1059 1201 μέχρι
1076 1120 1157 1178 θεῶν.

126 1202 165 1273 In
189 1210 327 1275 Metrica
351 1212 515 1277 Proverbia
536 1213 664 1279 Schotti
685 1214 822 1279 relatum
840 1215 894 1295 est,
908 1233 985 1300 413,
1004 1228 1041 1278 ut
1055 1214 1158 1279 multo

124 1312 227 1398 prosae
241 1314 392 1380 orationis
407 1315 502 1381 dicta.

132 1414 136 1421 ’
172 1417 244 1481 186.
262 1417 301 1482 C.
327 1418 362 1482 δ’.
389 1418 513 1482 Μέλλων
534 1421 562 1481 δὲ
583 1408 817 1503 ἂποθνῆσκαμ]
844 1415 957 1483 Latius
976 1432 1121 1483 narratur
1139 1436 1159 1483 a

125 1512 298 1582 Plutarcho
320 1516 353 1583 in
375 1518 452 1583 Vita
474 1519 601 1584 Periclis
623 1541 656 1606 p.
675 1532 746 1604 173.
765 1519 811 1584 C:
836 1519 919 1583 etin
938 1517 1019 1584 libro
1034 1520 1085 1584 De
1101 1510 1158 1584 Sui

123 1614 236 1681 Laude
258 1639 291 1703 p.
307 1633 382 1704 543.
399 1619 447 1684 C:
471 1642 569 1707 aquo
583 1619 689 1696 sumfit
702 1619 847 1686 Julianus
864 1621 948 1706 Imp.
964 1620 1021 1685 Or.
1037 1620 1100 1684 Ill.
1123 1640 1156 1706 p.

125 1717 200 1782 128.
233 1719 271 1783 In
286 1721 413 1803 Γνώμαις
427 1720 537 1806 Sopor,
554 1722 651 1786 MSS.
667 1720 921 1807 Lugduno-Bat.
937 1732 1087 1808 corrupte
1100 1742 1157 1785 ex*

124 1818 195 1886 stat.
458 1811 462 1819 ’

170 1921 242 1986 186.
259 1923 304 1987 D.
330 1926 598 1988 ΑΛΚΙΒΙΑΔΟΥ.
620 1922 659 1987 α’.
680 1920 858 2000 Ἀλκιὲιᾶδης
879 1921 919 1986 ἔτι
940 1923 1004 1998 παῖς
1023 1922 1084 2009 olm]
1109 1924 1158 1987 Ex

124 2018 288 2086 Plutarchi
315 2022 391 2088 vita
412 2022 590 2088 Alcibiadis
614 2044 649 2109 p.
670 2041 742 2109 192.
764 2021 804 2086 C.
842 2021 933 2086 Idem
960 2022 1083 2086 sactum
1104 2021 1155 2087 di·

123 2123 279 2212 &unque
294 2123 445 2190 tribuitur
460 2123 581 2191 Laconi
598 2146 662 2189 non
678 2124 842 2189 nominato
859 2124 890 2187 in
906 2123 1155 2212 Apophthegm.

123 2225 247 2291 Lacon.
262 2248 294 2312 p.
308 2246 380 2311 234.
396 2228 435 2290 E.
1138 2220 1140 2225 ’

148 2412 151 2417 Ι
170 2327 244 2391 186.
258 2328 303 2391 D.
325 2327 366 2406 β’.
384 2326 485 2414 'Exeo
509 2327 536 2390 li
560 2326 627 2391 1611
648 2326 863 2413 σάγκαλομ]
902 2328 940 2390 ln
963 2328 1043 2392 Vita
1063 2325 1156 2391 Alci·

123 2423 209 2491 biad.
231 2448 263 2512 p.
280 2442 353 2512 195.
368 2427 413 2490 D.
451 2426 489 2488 ln
502 2425 592 2490 limili
605 2425 765 2512 proposito
782 2425 868 2489 aliud
883 2426 1005 2491 dictum
1019 2426 1157 2501 versatur

124 2525 309 2592 Cleomenis
322 2525 494 2614 Apophth.
510 2528 630 2591 Lacon.
651 2548 685 2612 p.
704 2544 777 2612 223.
794 2527 838 2591 D.

169 2627 242 2693 186.
257 2630 297 2693 Ε.
325 2628 367 2714 γ’.
392 2626 564 2716 Προσελδιδν
585 2629 613 2691 δὲ
634 2626 871 2713 διδασκαλείῳ-]
905 2628 944 2691 In
967 2628 1044 2692 Vita
1064 2627 1157 2692 Alci·

122 2728 210 2799 biad.
232 2752 266 2818 p.
284 2750 357 2818 194.
373 2731 418 2795 D.
456 2728 573 2794 Sumfit
594 2729 671 2795 hinc
692 2727 841 2793 AElianus
859 2730 938 2795 Var.
958 2728 1040 2794 Hist.
1059 2730 1157 2796 XIII.

169 2934 242 3001 186.
255 2930 295 2999 Ε.
318 2933 351 2998 δ.
372 2931 485 2997 Ἐλδοδν
506 2931 533 2995 li
555 2932 598 2996 hl
616 2931 704 3021 δῦξας
722 2937 759 2996 τὸ
781 2930 992 3019 Περικλὲες-]
1020 2932 1057 2995 ln
1080 2930 1158 3001 Vlth

121 3030 300 3103 Alcibiadis
322 3057 355 3121 p.
374 3054 446 3121 194.
463 3034 502 3098 E.
540 3034 650 3099 Refert
668 3055 796 3121 quoque
814 3033 977 3098 Diodorus
996 3033 1061 3097 Sic.
1078 3034 1156 3097 Xll.

120 3138 177 3225 38.
201 3136 314 3202 latiore
340 3135 537 3200 narratione:
568 3135 646 3199 item
673 3134 819 3201 Valerius
841 3135 931 3199 Max.
948 3135 1011 3198 lll.
1029 3154 1058 3198 1.
1083 3135 1158 3197 Ext.

121 3236 406 3305 Alcibiades—cum
428 3237 527 3299 adhuc
544 3250 620 3323 puer
640 3236 685 3298 ad
705 3235 846 3298 Periclem
868 3234 1050 3299 avunculum
1064 3236 1159 3321 suum

68 3376 72 3383 .
121 3338 257 3427 veniffit,
272 3362 394 3427 eramque
396 3339 510 3425 secreto
523 3336 629 3424 tristem
633 3339 785 3425 sedentem
800 3337 928 3425 viclfft,
946 3337 1158 3422 interrogavit,

121 3440 200 3532 quid
217 3441 263 3505 ita
284 3452 403 3505 tamam
427 3440 460 3504 in
480 3438 571 3503 vultu
593 3438 783 3525 suffusionem
804 3450 931 3525 gereret.
971 3436 1158 3502 11111·-

121 3544 213 3625 rme,
240 3543 383 3609 mandato
400 3545 440 3629 se
460 3542 593 3607 civitatis
619 3539 779 3628 Propylaea
800 3541 970 3619 Minervae,
996 3560 1065 3627 quae
1081 3541 1159 3629 sunt

111 3647 228 3743 janua
241 3645 331 3725 arcis,
345 3644 514 3733 aediſsccffe,
531 3645 737 3731 consumtaquc
751 3642 783 3707 in
798 3643 833 3705 id
849 3657 918 3730 opus
933 3643 1048 3729 ingenti
1065 3657 1159 3730 pecua

120 3746 187 3827 iria,
201 3771 261 3812 non
273 3746 409 3812 invertire
430 3770 487 3834 quo
506 3754 593 3834 paolo
612 3726 764 3830 airinisterii
781 3740 924 3809 rationem
944 3744 1088 3823 redderet,
1106 3754 1158 3807 at·

120 3872 179 3939 qm
200 3848 264 3913 ideo
286 3846 461 3935 coryliolari.
505 3848 604 3934 Ergo,
628 3846 738 3934 inquil,
761 3868 861 3933 quaerc
885 3845 995 3934 potius,
1020 3846 1159 3932 quomodo

121 3950 267 4015 rationem
281 3973 341 4014 aon
355 3950 476 4015 reddas.
520 3949 677 4014 Earndem
700 3947 858 4011 acuminis
879 3946 1078 4013 festivitatem
1098 3946 1156 4010 ad-

29 4050 32 4057 '
121 4049 230 4117 hibuit
253 4049 368 4117 cicero
389 4050 431 4117 de
455 4052 486 4116 se
511 4051 576 4137 ipse
597 4071 739 4128 narrans,
760 4048 897 4116 Verrina
925 4050 951 4112 l.
971 4066 1011 4131 72
1042 4047 1076 4111 id
1085 4049 1172 4132 stens-

10 4072 48 4311 ι
121 4150 344 4239 ‹offocatus—ut
364 4153 467 4217 tertius
488 4152 550 4216 dies
560 4151 608 4237 stc
626 4149 769 4215 bominem
788 4148 989 4237 prosterneret,
1004 4160 1049 4228 ut,
1065 4144 1163 4213 morbo

110 4251 354 4341 ,1111181111
374 4253 452 4341 quid
473 4251 667 4344 responderet,
682 4251 743 4338 sed
765 4249 1008 4340 quemadmodum
1031 4273 1089 4315 nen
1112 4264 1162 4317 νεὶ

10 4334 74 4488 o
