2692 4770
162 282 243 339 1050
308 276 314 285 '
349 274 454 338 D.W.
473 274 682 340 ANIMADV.
702 277 750 337 IN
770 274 1002 339 rauranum

205 440 279 525 1'75.
293 439 333 504 B.
354 441 548 509 ΙΕΡΩΝΟΣ.
570 443 625 528 β’.]
651 440 765 506 lisdem
787 442 889 506 verbis
911 438 1032 527 legitur
1053 437 1085 505 in
1112 441 1198 505 Seu·

159 540 328 607 tentiisS.
348 543 484 608 Maximi
509 559 543 610 et
563 546 597 610 S.
615 543 752 609 Antonii
772 543 851 608 edit.
872 542 964 608 Stob.
979 542 1139 608 Wechel.
1160 562 1197 628 p.

159 643 235 729 388.
272 646 311 708 n
335 644 567 712 murmurose
590 624 735 729 μιέομιι
749 649 822 733 γις,
845 644 1055 731 intelligenda
1080 644 1125 709 eu
1146 642 1198 708 ver

160 744 283 831 Ellipfis
303 746 391 812 verbi
419 747 478 828 ἔφη,
504 747 552 812 vel
577 736 687 833 λέγονιέ
719 746 768 811 vel
789 747 924 832 potestas
949 745 1115 832 particule
1135 750 1197 833 γὰρ

159 844 296 910 citatum
309 846 417 912 locum
431 848 653 935 fignificantis:
677 847 717 913 de
732 847 785 912 illa
799 847 937 912 diximus
951 846 992 911 ad
1005 848 1074 912 Ser.
1090 847 1196 911 Num.

159 946 259 1012 de.
281 948 335 1013 lin.
359 971 392 1034 p.
407 951 484 1035 567.
504 952 547 1014 F:
574 949 615 1014 de
636 949 697 1014 hac
719 969 752 1035 p.
767 964 821 1033 37.
838 952 873 1013 F.
899 949 1022 1033 115.F.

205 1064 278 1136 175.
292 1050 331 1114 B.
353 1051 413 1136 74]
437 1050 630 1118 Notavimus
644 1072 677 1137 p.
692 1070 744 1136 90.
761 1050 799 1114 B.

204 1167 277 1238 175.
295 1153 335 1217 C.
358 1152 391 1217 δ’.
413 1154 489 1239 Πρὸς
510 1155 537 1217 δῖ
559 1151 765 1236 Ξοοφάημ]
793 1149 906 1215 lisdem
930 1150 995 1214 fere
1016 1149 1120 1215 verbis
1142 1171 1194 1214 re·

158 1251 261 1319 fertur
278 1253 311 1318 in
325 1254 498 1319 Sententiis
522 1256 556 1319 S.
574 1252 710 1319 Maximi
732 1265 765 1317 et
784 1253 818 1316 S.
834 1250 982 1329 Antonii,
1002 1251 1081 1315 edit.
1100 1251 1193 1315 Stoh.

159 1353 311 1419 Wechel.
334 1376 367 1440 p.
383 1356 468 1438 706:
492 1354 579 1420 unde
600 1353 706 1419 sumsit
726 1375 856 1440 quoque
878 1352 954 1418 Joh.
972 1351 1197 1417 Damascenus

159 1451 193 1518 in
220 1454 379 1520 Parallelis
402 1458 500 1522 MSS.
520 1456 609 1542 Ἱέροοι
630 1461 643 1518 ὁ
663 1453 798 1528 Σικελίας
821 1453 947 1538 τύραννος
969 1453 1124 1534 Ξενοφάνεος
1146 1459 1195 1516 wi

160 1555 322 1634 Κολοφωοίιι
333 1565 451 1636 ποιητοῦ
465 1557 610 1642 γεγονότος
623 1554 749 1642 Ὅμηρον
774 1553 869 1635 (adde
882 1553 1034 1638 ψέγοντος)
1058 1553 1195 1639 spritum

159 1656 242 1718 αὐτὸν
262 1655 358 1731 πόσος
380 1656 487 1732 οἰκέτας
507 1656 590 1744 ἔχοις·
619 1654 850 1729 widichinus
871 1655 927 1733 δύο,
949 1655 970 1741 ιζ,
991 1657 1090 1729 τούτοις
1109 1655 1193 1739 μόγις

158 1754 274 1843 τρέφεν.
309 1759 373 1820 Οὐκ
386 1760 499 1845 arigim,
519 1759 579 1839 ἔφη,
589 1756 714 1844 ’Όμηρον
728 1754 838 1841 ψέγων,
852 1754 880 1829 ὃς
892 1757 1083 1841 μετηλλαχὼς
1095 1756 1193 1832 πλέος

157 1855 294 1946 ἢμοςῖιις
314 1860 413 1946 τρέφει.
450 1861 685 1949 Xenophanem
708 1861 749 1925 de
771 1862 916 1926 Homem
937 1859 1066 1947 aliisque
1086 1859 1192 1946 poetis

159 1957 243 2022 male
268 1958 377 2025 dixisse
399 1963 520 2026 constat
541 1984 580 2026 ex
602 1962 752 2048 Diogene
774 1965 880 2026 laert.
910 1963 953 2025 ll.
971 1962 1026 2041 48.
1054 1961 1114 2025 IX.
1140 1960 1192 2024 18.

159 2057 320 2125 Plutarchi
335 2063 462 2148 Pragm.
479 2061 699 2127 Commentar.
716 2061 933 2127 Heleavrl.
957 2063 1054 2126 Sexto
1067 2059 1191 2148 Empir.

158 2160 242 2226 Adv.
265 2161 425 2227 Mathem.
443 2166 503 2229 lx.
527 2183 599 2250 193.
635 2165 673 2228 ln
690 2162 780 2227 limili
795 2163 899 2227 euulsa
913 2162 1124 2227 Ptolemaeum
1138 2181 1190 2226 re·

156 2284 234 2350 gem
256 2262 300 2327 ita
323 2263 413 2330 Zoilo
435 2264 622 2351 respoudiffe
646 2279 752 2329 narrat
773 2264 939 2329 Vitruvius
958 2265 1037 2331 Vll.
1061 2260 1189 2329 Praefa't.

156 2383 288 2454 p.1242
311 2365 414 2429 Zoilus
437 2379 546 2446 autem,
569 2389 634 2431 cum
657 2366 771 2430 diutius
791 2366 823 2429 in
844 2388 934 2454 regno
944 2365 1065 2452 fuiffet,
1091 2365 1192 2453 inopia

153 2468 265 2556 preffits
278 2467 426 2556 sirmmiſst
447 2469 491 2532 ad
512 2493 622 2556 regem,
643 2467 793 2556 postulans
814 2481 849 2532 ut
869 2469 988 2556 aliquid
1004 2468 1068 2553 ſsbi
1089 2467 1189 2532 triba·

155 2582 263 2634 eretur.
292 2570 357 2636 Rex
370 2595 440 2635 vero
457 2571 628 2659 respondiffe
642 2572 768 2635 dicitur:
796 2571 965 2651 Homerum,
980 2572 1032 2661 qui
1046 2585 1117 2635 ante
1129 2597 1189 2636 uu·

154 2696 205 2737 οιοι
220 2672 302 2736 mille
315 2672 477 2760 decrfflffct,
492 2698 559 2739 evo
576 2685 711 2760 perpetuo
726 2671 821 2736 multa
836 2673 934 2736 millia
953 2674 1101 2737 hominum
1116 2674 1189 2762 pas·

154 2799 238 2840 cere.-
264 2776 332 2839 item
355 2777 468 2855 debere,
490 2780 541 2863 qui
569 2774 684 2839 meliore
710 2775 828 2861 ingenio
848 2776 885 2860 fi
909 2775 1109 2864 prefiteretur,
1131 2799 1190 2840 non

153 2876 236 2940 modo
250 2901 355 2955 unum,
366 2877 529 2961 sedetiam
543 2876 645 2963 plures
659 2877 738 2939 alere
753 2877 838 2962 poffl.

199 2992 271 3061 175.
288 2976 327 3041 C.
350 2974 383 3040 ι’.
403 2977 636 3063 Ἐπίχαρμοι-]
670 2977 801 3041 Constat
822 2976 999 3039 Hieronem
1023 2975 1187 3041 literarum

152 3089 315 3144 amantem
335 3099 374 3142 ac
396 3077 507 3142 doctos
525 3077 672 3142 homines
691 3078 827 3143 libenter
842 3078 963 3141 circum
979 3076 1009 3141 se
1024 3076 1186 3143 habuillee

152 3180 186 3246 in
207 3180 258 3245 his
278 3179 310 3244 in
331 3179 441 3265 primis
461 3180 561 3244 fertur
577 3179 759 3244 Simonides
775 3202 814 3243 ex
827 3178 1052 3264 Xenophontis
1067 3180 1187 3243 Hiero·

153 3304 207 3361 ue,
223 3282 362 3347 Platonis
376 3284 435 3369 Ep.
453 3283 498 3345 ll.
518 3304 552 3367 p.
566 3284 639 3365 706.
657 3281 705 3345 C:
729 3281 807 3345 alios
821 3295 990 3359 memorat,
1011 3280 1101 3344 smrul
1116 3282 1186 3347 lau·

152 3384 233 3449 dans
252 3383 403 3449 Hieronis
421 3406 499 3471 erga
514 3384 672 3448 doctrinas
687 3383 859 3469 doctosque
874 3383 1020 3448 homines
1036 3384 1185 3466 studium,

152 3485 300 3554 AElianus
318 3488 395 3549 Var.
412 3484 494 3548 Hist.
511 3486 569 3548 lV.
590 3500 639 3569 15.
664 3485 724 3548 lX.
742 3505 779 3550 1:
803 3484 895 3570 cujus
911 3484 942 3547 iu
958 3484 1018 3547 hac
1038 3508 1071 3548 re
1089 3485 1185 3550 fidem

150 3600 184 3652 ct
200 3584 350 3651 Hieronis
361 3584 490 3649 laudem
506 3584 590 3648 recle
606 3599 716 3648 tuetur
729 3585 847 3648 Baelius
863 3585 895 3649 iu
909 3585 1089 3651 Diciionar.
1103 3589 1184 3651 Hist.

152 3687 234 3753 Crit.
259 3708 336 3750 voce
358 3685 483 3751 Hieron.
510 3686 699 3751 Plutarchus
721 3688 805 3751 Adv.
828 3687 957 3773 Epicur.
981 3710 1013 3774 p.
1032 3704 1125 3774 1095.
1144 3689 1183 3753 C.

149 3809 226 3852 eum
251 3785 296 3849 ita
317 3807 392 3850 cum
416 3787 485 3851 aliis
506 3786 619 3851 eadem
641 3787 736 3851 laude
759 3787 926 3852 celebratis
952 3789 1081 3874 regibus
1103 3810 1181 3853 con·

144 3886 269 3976 jungit,
290 3899 326 3950 ut
348 3908 411 3950 non
435 3886 633 3951 Simonidem
657 3887 769 3965 solum,
792 3887 961 3952 sedetiam
985 3887 1182 3974 Melanippi·

149 3987 224 4052 dem
244 3988 278 4051 in
294 3986 364 4074 ejus
383 3987 611 4052 consuetudine
630 3987 718 4051 fuisse
737 3987 909 4074 fignificare
926 3989 1082 4053 videatur.
1103 3989 1182 4076 Epi·

150 4091 317 4155 charmum
334 4104 371 4153 ut
391 4089 524 4154 Hieroni
546 4089 733 4154 familiarem
755 4090 897 4176 prodidit
919 4092 1108 4156 Plutarchus
1130 4094 1182 4156 De

143 4192 293 4286 piscem.
307 4191 409 4257 Adul.
424 4191 465 4258 ab
477 4192 557 4256 Am.
579 4214 613 4279 p.
627 4191 682 4258 68.
696 4193 741 4257 A.
761 4191 817 4257 ubi
832 4191 972 4280 ejusdem
988 4192 1111 4259 notitiae
1129 4208 1178 4257 te·
