2692 4770
141 1175 145 1183 ’
170 1175 203 1241 Ρ·
220 1174 292 1242 249.

177 285 237 343 666
325 285 364 346 D.
376 287 426 345 W.
447 287 654 347 ANIMADV.
674 288 721 348 IN
742 288 972 349 PLUTARCHI
992 289 1067 348 LIB.

165 453 237 511 ‘nec
251 445 292 511 ad
306 445 520 514 imitationem
540 448 672 515 referam
692 447 815 516 dib‘tum
836 447 977 517 Platonis
999 448 1080 537 Leg.
1092 444 1155 515 Ν.
1169 464 1202 536 p.

173 562 250 632 597.
267 550 310 612 G.
327 565 361 614 et
381 551 452 638 seq:
479 554 522 616 Et
536 575 594 617 noe
607 553 795 618 sententiam
816 567 1108 640 argumentumque
1126 554 1202 616 atti·

173 640 281 734 ginius
295 648 327 713 in
344 650 530 718 Praefatione
551 652 592 716 ad
613 652 671 717 has
690 651 1204 718 AnimadverfionesPlutarcheaa

174 771 208 834 p.
224 751 262 816 8:
285 751 400 838 quibus
414 752 571 819 addantur
588 766 700 819 notate
714 757 748 823 J.
762 753 878 820 Davisii
893 753 939 823 ad
947 752 1116 839 Ciceronis
1134 752 1159 816 l.
1172 773 1203 817 e.

81 908 88 926 ,
172 852 225 915 De
247 851 454 939 Theophrasti
480 853 670 919 Calhlihene
693 856 760 942 post
784 858 816 922 J.
837 855 1011 922 Menrfium
1036 854 1069 919 in
1091 853 1202 920 'lireo-

171 951 297 1037 phrasto
311 955 398 1019 LVI.
421 977 454 1042 p.
469 974 523 1040 32.
547 955 693 1041 quaedam
714 953 787 1022 inde
807 958 910 1021 sumta
927 956 1105 1021 attulerunt
1125 956 1201 1019 Me·

172 1053 285 1140 nagius
306 1053 347 1118 ad
363 1054 463 1142 Diog.
479 1058 587 1170 Laert.
603 1056 646 1121 V.
660 1076 715 1138 44.
738 1069 772 1123 et
793 1057 953 1174 fabricius
973 1055 1057 1121 Bibl.
1081 1057 1140 1121 Gr.
1155 1056 1200 1121 11.

212 1276 264 1344 97.
275 1259 314 1325 C.
337 1263 368 1322 ia
381 1261 469 1345 τύχης
484 1258 530 1341 κα)
543 1263 587 1324 διὰ
599 1260 702 1348 τύχην]
720 1260 852 1348 Aliquid
864 1260 1012 1326 efficaclae
1026 1257 1200 1347 significare

168 1360 270 1424 voluit
291 1361 352 1425 hac
374 1361 540 1427 iteratione
564 1362 767 1449 Plutarchum
790 1367 823 1426 ἐκ
838 1364 931 1449 Ιτύχης
951 1361 1031 1427 dixit
1051 1361 1085 1425 in
1102 1361 1198 1427 Cice·

168 1483 245 1525 rone
260 1483 294 1551 p.
308 1460 383 1546 883.
397 1464 446 1526 E:
469 1465 514 1526 tut
527 1465 627 1550 τύχην,
642 1462 731 1551 quod
751 1464 858 1544 sciam,
877 1463 1033 1549 nusquam
1048 1462 1103 1527 nisi
1123 1484 1198 1549 pro-

166 1560 252 1624 xime
265 1573 298 1624 et
312 1579 364 1646 97.
378 1563 409 1625 D
423 1588 431 1625 :
455 1583 513 1647 pro
527 1563 582 1627 illo
598 1563 745 1649 usurpare
759 1564 838 1628 solet
851 1565 904 1626 ἀπὸ
918 1564 1027 1648 τύχης
1050 1583 1109 1647 pro
1123 1561 1198 1644 boc,

166 1665 243 1725 κατὰ
262 1662 361 1747 τύχην.
398 1663 461 1727 Sed
476 1665 520 1726 διὰ
534 1664 622 1750 τύχην
635 1687 732 1750 quam
749 1665 811 1728 vim
827 1664 880 1729 hic
902 1665 1030 1743 habeat,
1044 1685 1109 1728 non
1125 1663 1198 1730 satia

165 1763 271 1850 primo
289 1763 406 1829 obtutu
420 1780 563 1850 apparet.
594 1764 759 1852 Xylander
773 1765 876 1830 reddit
892 1777 1013 1853 propter
1021 1764 1196 1852 fortunam,

166 1862 239 1928 sane
253 1863 479 1952 proprietatem
497 1864 640 1929 secutus:
665 1888 739 1929 nam
755 1866 798 1928 ut
810 1892 838 1929 τι
859 1879 949 1939 notat
967 1864 1104 1930 caussam
1124 1888 1195 1930 mo·

165 1978 305 2043 ventem,
326 1978 444 2052 propter
457 1991 544 2053 quam
559 1965 636 2053 quid
655 1967 811 2032 facimus:
834 1967 879 2030 διά
893 1993 974 2045 τινος,
993 1981 1049 2054 per
1066 1966 1196 2054 aliquid,

165 2066 303 2132 causs’am
325 2068 521 2132 instrumenti
542 2069 613 2133 loeo
631 2068 785 2148 habitam,
808 2091 976 2155 perquam
996 2066 1074 2153 quid
1096 2067 1195 2134 effici·

162 2190 246 2231 rnus.
285 2167 389 2254 igitur
410 2169 471 2233 hoc
493 2169 565 2233 loco
587 2172 630 2232 διὰ
651 2171 740 2256 τύχην
759 2184 828 2234 erat
847 2169 977 2256 quidem
1000 2192 1040 2235 ex
1063 2169 1094 2235 vi
1114 2192 1194 2237 con·

162 2267 339 2335 struetionts
352 2268 573 2356 aecipiendutn
584 2283 704 2357 propter
705 2269 889 2357 fortunam:
908 2282 946 2336 at
959 2269 1115 2337 sententia
1130 2268 1195 2357 ipsa

160 2369 298 2456 postulat
319 2368 453 2436 alteram
480 2371 645 2435 notionem
670 2374 714 2434 hd
742 2372 842 2456 τύχης,
869 2387 922 2458 per
939 2371 1114 2457 fortunam,
1137 2385 1194 2437 aut

160 2473 214 2537 ἀπὸ
235 2472 335 2557 τύχης,
355 2471 492 2537 cauisam
514 2472 716 2537 efficientem.
750 2474 823 2538 Nec
845 2484 957 2538 tamen
972 2487 1084 2561 putem
1101 2473 1190 2539 Plut-

159 2574 293 2640 archum
308 2577 352 2638 διὰ
364 2576 452 2661 τύχης
467 2575 630 2660 scripliffe3
653 2575 772 2662 quippe
787 2575 842 2662 qui
856 2578 900 2639 hii
913 2596 987 2640 curn
1001 2575 1192 2642 Accusativo

159 2675 292 2742 subinde
313 2698 372 2762 pro
393 2676 432 2739 ab
445 2675 557 2739 caussa
578 2675 728 2739 efficienti
741 2674 952 2762 significandae
970 2672 1125 2740 adhibetz
1148 2675 1193 2741 ita

158 2791 196 2840 ut
210 2777 299 2840 simul
315 2777 402 2841 notio
417 2777 461 2839 διά
474 2802 554 2854 τινος,
562 2765 621 2864 ¹per
629 2776 757 2863 aliquid,
774 2776 807 2841 id
821 2777 875 2853 est,
888 2773 1083 2862 irfirummti‚
1099 2791 1134 2841 et
1148 2778 1193 2842 tui

156 2907 195 2958 τι,
210 2891 326 2967 propter
339 2880 468 2966 aliquid,
486 2879 586 2959 idest,
608 2881 715 2966 σαψ
727 2879 909 2944 voluntatem
923 2876 1077 2958 moventis,
1093 2879 1191 2946 intel-

156 2982 285 3069 ligatur.
322 2982 374 3047 Sic
389 2983 420 3045 in
436 2984 523 3068 Opp.
538 2984 625 3046 Mor.
642 3004 674 3067 p.
688 2998 759 3067 170.
770 2982 809 3046 E.
828 2979 952 3067 179.D.
972 2981 1044 3046 181.
1058 2981 1097 3047 B.
1116 3001 1190 3072 195.

157 3088 192 3150 F.
218 3087 290 3171 196.
306 3087 341 3149 F.
364 3104 438 3151 201.
454 3088 498 3150 A.

197 3206 251 3274 97.
266 3188 306 3252 C.
327 3185 488 3273 Ἀρητάδης]
515 3185 703 3251 Plutarchus
717 3184 852 3250 Aristide
869 3209 902 3272 p.
916 3206 991 3273 334.
1007 3185 1045 3252 B.
1062 3199 1096 3252 et
1109 3174 1190 3272 ¹318.

156 3291 200 3354 D.
213 3289 270 3354 ubi
284 3288 468 3374 opinionem
479 3287 635 3353 Demetrii
652 3287 793 3353 Phalerei
807 3302 1027 3373 paupertatem
1042 3289 1192 3356 Aristidis

154 3391 187 3456 in
208 3391 343 3456 dubium
357 3389 499 3455 vocantis
514 3388 648 3454 refellet.
685 3389 785 3453 Corn.
802 3389 913 3475 Nepos
926 3388 957 3453 in
972 3389 1108 3455 Aristide
1124 3392 1190 3456 lll.

155 3514 195 3559 2:
227 3494 289 3558 Hic
309 3492 483 3581 praefuerit
502 3491 687 3578 abstinentia,
710 3490 826 3555 aralium
847 3490 887 3576 gli
906 3492 1012 3555 certius
1033 3492 1190 3575 indicium,

151 3619 242 3682 quam
255 3595 345 3682 quod,
357 3620 447 3683 quum
460 3594 552 3657 tontis
565 3591 651 3657 rebus
671 3592 846 3679 praefusset,
861 3592 894 3655 in
907 3602 994 3656 tenta
1013 3605 1191 3679 paupertate

152 3693 276 3782 dcccffit‚
290 3709 325 3758 ut
339 3696 390 3783 qui
403 3695 569 3784 efferretur,
583 3695 640 3758 vix
656 3693 817 3780 reliquerit.
856 3692 922 3758 Ubi
936 3693 1027 3780 plura
1040 3693 1120 3760 dant
1134 3694 1191 3761 in÷

151 3815 200 3864 ter
223 3812 318 3863 retes.

191 3821 247 3985 9Py.
259 3899 300 3965 C.
323 3899 446 3966 Σκιπίων
462 3898 632 3986 Καρχηδόνα
646 3897 715 3961 im
729 3898 801 3961 aridii
816 3896 870 3962 οὔτ’
885 3897 983 3961 ἔλαθεν
995 3897 1049 3961 οὔτ’
1065 3897 1115 3962 εἶδε
1130 3907 1186 3965 τῶν

149 3991 289 4089 imiimi]
314 4002 367 4065 De
384 3998 547 4086 scripturae
567 3998 699 4064 veritate
724 3998 844 4064 certina
865 3999 957 4064 nobis
974 3996 1121 4088 judicare
1143 4001 1186 4065 li·

149 4116 248 4181 aeret,
272 4104 292 4166 li
316 4101 486 4187 superesset
509 4100 668 4188 Scipionis
689 4099 856 4165 AEmiliani
877 4101 942 4166 vita
963 4125 984 4166 a
1008 4101 1185 4168 Plutarcho

148 4202 278 4288 scripta:
303 4222 389 4268 nunc
407 4215 441 4267 et
463 4201 533 4268 haec
546 4213 581 4268 et
595 4200 761 4288 Polybiani
774 4214 810 4269 et
822 4200 944 4269 Liviani
956 4224 1092 4290 operum
1108 4224 1183 4290 pare
