2692 4770
148 312 227 374 1126
337 308 1002 374 D.W.AN1MADV.1NPLUTARCH1

148 474 364 542 describendis
400 477 536 555 ¹aliorum
571 476 651 545 locis
687 476 877 567 plerumque
912 469 1039 562 aliquid
1072 464 1201 536 immn-

150 588 209 643 tat.

193 700 228 767 p.
245 699 318 747 200.
334 683 378 746 A.
400 681 458 768 t'·]
483 684 521 748 In
542 681 620 749 Vita
642 680 777 748 Catonis
792 701 826 769 p.
842 692 918 767 352.
934 678 970 744 F.
1002 675 1101 765 Reip.
1118 678 1201 743 Ger.

151 781 308 868 Praecept.
329 805 363 871 p.
380 783 454 870 805.
470 784 514 849 A.
545 785 654 851 Livius
670 783 812 871 Epitom.
827 779 916 848 Libri
930 778 1069 845 XLIX:
1098 772 1210 867 Quen

149 884 293 949 virtutem
315 888 377 973 ejus
397 899 425 952 et
446 888 532 969 Cato,
551 889 603 953 vir
623 885 792 977 promtioris
811 886 856 949 ad
873 883 1117 974 vituperandum
1137 880 1200 967 lire?

146 1008 235 1073 guae,
251 985 283 1051 in
292 991 404 1079 senatu
414 990 463 1076 ſse
483 990 674 1079 prosequutus
693 986 741 1075 est,
756 1000 792 1062 ut
811 987 920 1051 diceret
938 984 1086 1074 reliquos,
1101 983 1156 1074 qui
1168 983 1201 1049 its

149 1087 261 1175 Africa
282 1089 459 1172 militarent,
481 1093 603 1157 umbras
624 1092 766 1171 militare,
790 1089 951 1177 Scipionem
972 1087 1110 1178 vigere:
1130 1102 1201 1177 'quo

150 1189 237 1271 loco,
253 1193 464 1260 Homericum
486 1194 621 1275 dietum,
644 1217 664 1261 a
681 1194 808 1259 Catone
822 1191 1005 1258 adhibitum
1022 1191 1142 1279 odyss.
1159 1192 1198 1257 K.

149 1307 227 1380 495.
250 1294 282 1358 in
305 1318 408 1384 eoque
429 1296 564 1361 ἁΐοονοιν
585 1296 725 1384 aliquam
745 1294 883 1385 speeiem
906 1292 1062 1359 adserunt
1085 1294 1200 1383 conje-

152 1392 252 1460 &urae
272 1397 437 1478 Gronovii,
459 1421 519 1486 pro
539 1398 670 1462 militare
685 1396 845 1485 corrigere
864 1394 1027 1467 suadentis
1040 1394 1198 1462 volitare:

152 1510 297 1562 attamen
318 1499 421 1566 nostra
439 1498 569 1588 quidem
589 1497 754 1587 opinione,
774 1518 879 1584 neque
896 1494 1040 1584 parodiae
1059 1496 1135 1562 ulla
1150 1496 1200 1563 lex

152 1599 238 1664 hane
253 1601 468 1668 mutationem
490 1601 641 1690 postulat,
656 1614 691 1666 et
709 1623 845 1666 acumen
861 1599 959 1666 etiam
980 1600 1080 1664 sirum
1102 1598 1200 1665 babet

151 1701 283 1790 vulgata
304 1702 410 1769 lettio.
449 1705 612 1770 Caeterum
636 1702 733 1790 hujus
754 1701 877 1769 notitiae
900 1700 1015 1767 audior
1039 1700 1117 1767 aliis
1138 1698 1199 1766 fuit

153 1802 318 1892 Polybius,
340 1804 433 1893 cujus
455 1804 670 1870 testimonium
693 1828 779 1871 nune
801 1803 932 1891 quidem
951 1824 991 1867 ex
1011 1824 1085 1868 uno
1107 1814 1197 1869 tene·

151 1928 225 1972 mus
247 1906 347 1972 Suida
372 1931 449 1973 voce
468 1908 630 1972 Ἀΐσσοσον·
657 1913 774 1996 ὁρμῶσι,
801 1914 924 1990 φοιτῶσι·
958 1903 1120 1982 Πολῦἕοος·
1149 1905 1197 1970 Ἑν

152 2013 211 2095 γὰρ
232 2009 375 2097 τῇῬῶμῃ
397 2009 516 2097 Μάρκον
540 2011 668 2095 Πόρκιον.
681 2010 842 2075 ἀκούσαντα
865 2014 917 2084 τοὶς
941 2008 1068 2097 &pierias
1089 2006 1194 2077 Exut-

150 2137 226 2190 ιονος,
244 2116 322 2176 einis
341 2113 434 2175 πάλιν
448 2112 535 2175 ἄλλον
548 2114 621 2200 πρὸς
637 2116 742 2177 ἐκεῖνον·
765 2112 796 2175 ri
807 2111 948 2189 ἀκήκοας;
972 2110 1026 2185 οἶος
1040 2110 1194 2190 σίνονται,

149 2217 192 2288 rol
213 2217 240 2278 δὲ
254 2213 331 2295 aurai
349 2214 493 2279 ἀΐσονσνν·
518 2214 573 2302 qui
593 2214 683 2280 loeus
705 2215 813 2305 potius
829 2212 1016 2280 ordinandis
1031 2226 1066 2277 et
1081 2212 1195 2279 leniter

151 2316 307 2393 sanandis,
331 2339 429 2402 quam
454 2315 598 2381 delendis
624 2315 727 2380 verbis
756 2315 945 2381 sententiam
972 2314 1192 2392 turbantibus,

150 2418 195 2485 ita
219 2416 436 2483 instaurandus
455 2416 581 2481 videtur
594 2422 728 2496 -εέπεῖν,
747 2417 841 2497 φασὶν,
855 2418 928 2499 πρὸς
947 2412 1037 2479 ἄλλον
1057 2414 1193 2504 ἐρόμενον,

150 2520 181 2586 ον’
195 2521 337 2598 ἆκῆκοας;
362 2519 429 2593 ΟῘος
443 2518 582 2598 &inroras
595 2547 623 2582 τ.
636 2521 659 2581 δ.
677 2545 726 2581 ox.
742 2524 772 2582 ci.
805 2517 896 2581 idem
911 2514 1050 2595 ἀίἃυῐη,
1069 2540 1133 2582 nee
1145 2530 1192 2582 ta·

152 2648 226 2689 men
245 2623 368 2711 Polybii
384 2622 486 2687 verbis
501 2622 665 2709 reponitur
680 2621 799 2684 ibidem
815 2641 892 2683 voce
908 2618 1025 2682 Κάτων.

198 2747 271 2793 200.
287 2729 330 2790 A.
354 2727 401 2812 b]
429 2728 535 2789 Locus
551 2723 728 2788 mutilatus.
764 2721 911 2786 Redierat
928 2723 1066 2784 Romam
1088 2743 1130 2785 ex
1145 2721 1192 2785 A·

151 2830 229 2894 frica
245 2829 392 2893 tribunus
409 2824 561 2905 militum,
580 2839 608 2889 et
627 2825 802 2888 utilitatem
823 2835 933 2910 petens,
955 2822 1067 2908 Corpus
1082 2836 1194 2887 creatus

153 2931 202 3016 est,
218 2944 255 2994 ut
273 2930 317 2993 ait
332 2929 476 2993 Velleius
500 2932 567 2993 l’at.
586 2931 613 2992 l.
632 2948 681 2992 12.
715 2927 879 2993 Diodorus
902 2925 967 2989 Sic.
984 2927 1141 3013 Ereerpt.
1156 2928 1192 2992 T.

153 3034 198 3096 ll.
215 3054 247 3118 p.
259 3051 318 3117 591
335 3056 343 3094 t
368 3030 459 3116 plura
474 3031 709 3116 cognoscantur
724 3053 762 3092 cx
778 3027 900 3116 Sigonii
917 3031 951 3092 Ρ.
964 3028 1122 3113 Scipione
1135 3030 1191 3094 ΙΕ-

150 3137 282 3201 miliano
300 3137 381 3221 Cap.
401 3157 451 3219 19.
474 3157 505 3220 p.
522 3137 597 3220 623.
637 3133 742 3219 Pighii
761 3130 880 3196 Annal.
897 3129 1081 3215 Magistrat.
1100 3134 1193 3197 Rom.

151 3242 196 3306 A.
210 3243 252 3305 U.
263 3240 387 3304 DCVl.
411 3237 571 3324 Niljuvat
584 3241 671 3299 ἑλθὲνν
686 3258 745 3321 pro
760 3234 897 3311 ἐλθόντος,
911 3255 949 3296 ex
960 3235 1037 3297 Jun.
1050 3247 1087 3297 et
1105 3234 1193 3299 Harl.

153 3341 288 3406 Fortasse
315 3339 486 3404 verisimilis
510 3336 664 3401 corretlio
688 3337 759 3399 luce
788 3336 823 3398 s1t
848 3347 884 3398 ut
904 3335 1063 3420 legamus,
1093 3340 1146 3410 Εἰς
1169 3336 1195 3398 ts

151 3448 199 3519 τὴν
215 3443 321 3525 Ῥώμην
338 3442 463 3515 ἐλθόντος
483 3442 524 3503 ini
544 3444 590 3516 τὴν
609 3436 739 3502 borussiae
761 3438 865 3499 ἓνίιλον
886 3434 1021 3498 αὐτόν-.
1062 3437 1120 3503 Sic
1141 3465 1194 3501 κα·

152 3552 207 3607 λεῖν
221 3545 251 3606 in
271 3544 377 3607 Mario
397 3564 430 3628 p.
447 3563 523 3623 424.
541 3545 578 3605 E.
601 3541 720 3605 Σύλλαν
740 3539 904 3601 καλούντων·
931 3535 1047 3620 Syllam
1065 3541 1114 3602 ad
1128 3564 1195 3604 con·

141 3646 279 3732 sulatum
294 3645 480 3708 vocantibus.

197 3767 270 3810 200.
288 3750 329 3810 A.
353 3746 398 3832 ast]
428 3749 500 3809 Hoc
516 3745 592 3809 item
609 3743 648 3808 de
668 3741 828 3828 Scipione,
845 3762 963 3805 nornen
979 3742 1071 3806 urbis
1088 3759 1122 3809 et
1139 3744 1195 3809 ad·

151 3848 321 3914 monitoris
337 3848 502 3925 omittens,
517 3860 623 3910 narrat
637 3844 783 3909 Valerius
800 3846 887 3907 Max.
906 3844 968 3906 lll.
982 3860 1014 3926 7.
1033 3863 1074 3908 2:
1103 3846 1196 3933 Scipio

150 3950 351 4027 AEmilianus,
380 3974 443 4011 cum
468 3951 566 4010 urbem
588 3945 795 4035 praevalidum
824 3945 972 4028 obfideret,
990 3947 1197 4028 sirndentibus

146 4046 338 4142 'quibnjitanu
366 4062 399 4112 ut
428 4051 505 4113 circa
531 4050 638 4113 naenia
660 4050 720 4132 ejus
737 4047 855 4134 ferreos
878 4046 999 4109 murices
1018 4051 1196 4139 spargeret,

149 4154 402 4241 avaritiaque-vada
419 4151 531 4214 tabulis
542 4150 705 4237 plumbatis
720 4148 918 4235 corpierneret,
934 4150 1118 4217 habentibus
1133 4152 1195 4217 cle·

147 4285 254 4326 vorum
276 4260 429 4338 aeramina,
445 4283 482 4321 ne
493 4257 601 4345 sirbita
616 4256 764 4344 eruptione
776 4252 863 4342 bplles
884 4255 916 4319 in
935 4257 1083 4342 praesidia
1100 4258 1196 4346 nostra
