2692 4770
148 304 207 365 668
292 306 392 366 D.W.
413 307 689 371 AN111ADV.1N
709 309 940 372 FLUTARCHI
961 310 1035 370 1113.

151 464 286 531 Aristide
301 490 338 532 ac
353 469 487 536 libanio
507 495 642 557 quorum
657 474 745 539 locos
759 471 944 559 fignificnnt
957 472 992 538 Ρ.
1007 467 1180 537 Weffelin·

1 652 10 677 .
150 566 223 654 gius
236 566 276 633 ad
290 568 469 638 Diodorum
482 572 548 639 Sic.
562 575 601 640 T.
617 576 663 641 11.
685 598 718 661 p.
738 591 810 659 123.

195 685 249 754 97.
264 669 309 735 D.
331 671 410 752 ὁμὲν
426 670 555 737 enim
569 675 760 762 Ἀλέξανδρος]
789 673 977 740 Plutarchus
991 673 1024 738 in
1040 670 1118 737 Vna
1130 671 1180 737 A·

151 769 292 837 texandri
306 793 340 858 p.
353 774 428 856 676.
444 774 483 850 B,
493 774 535 839 C.
567 775 722 841 Arrianus
739 775 887 861 Expedit.
903 778 946 841 11.
966 795 1017 839 12.
1045 772 1179 838 Ctutiue

152 871 214 935 111.
229 891 279 938 12.
301 873 464 939 Diodorus
478 875 543 940 Sic.
559 876 669 942 XVII.
680 894 733 963 37.
749 878 816 943 fere
829 900 941 943 omnes
955 876 1060 944 idem:
1084 876 1183 962 paulo

150 970 268 1039 diverse
290 972 353 1059 ipse
376 973 564 1042 Plutarchus
585 978 636 1044 De
662 977 852 1044 Curiofitate
874 999 907 1063 p.
921 992 997 1062 522.
1016 976 1061 1043 D.
1082 996 1181 1062 quem

149 1070 259 1139 locum
273 1094 348 1141 cum
360 1074 580 1151 annaliorum
598 1077 762 1149 annotavit
778 1076 1003 1167 Weffeiingiue
1017 1077 1041 1143 l.
1051 1097 1084 1141 c.
1098 1073 1180 1140 Dio·

151 1171 222 1238 dori
236 1174 300 1241 Sic.

195 1290 247 1360 97.
262 1277 301 1341 F..
324 1280 361 1341 Ei
382 1279 403 1339 δ’
423 1277 462 1352 iffi
482 1279 860 1367 σωφροσύνη-δικαιοσύνην]
892 1271 1024 1344 Etenna
1044 1277 1089 1343 est
1111 1298 1183 1364 pm

151 1377 321 1464 φρονησιοοςς
343 1377 443 1464 igitur
460 1379 493 1465 fi¹
507 1380 595 1447 nulla
616 1381 659 1445 est
673 1379 802 1461 etenira,
818 1403 878 1449 nec
898 1380 1019 1468 φρόνησις
1040 1378 1121 1447 erit:
1149 1392 1184 1445 et

152 1496 253 1563 quum
272 1477 330 1543 fint
350 1494 488 1567 quatuor
508 1483 667 1569 principes
688 1483 833 1563 virtutes,
853 1483 987 1569 φρόνησίς,
1005 1480 1185 1569 φαιδρῶς

152 1578 249 1645 trium
275 1578 467 1667 reliquarum
497 1585 539 1648 est
566 1585 825 1663 fundamentum,
851 1606 917 1670 quo
946 1581 1082 1660 sublato,
1106 1580 1182 1666 ipse

152 1692 313 1743 comunt.
350 1678 506 1761 Εῠθολίαν,
520 1696 643 1768 partem
657 1684 803 1770 φρονήσεως
817 1682 1045 1768 interpretatur
1058 1680 1182 1747 Aristo·

152 1779 232 1845 telee
253 1780 360 1846 Ethic.
382 1781 513 1849 Nicom.
535 1786 596 1851 .VI.
619 1799 651 1867 7,
672 1786 703 1864 8,
719 1806 758 1870 9:
783 1783 882 1851 Stoici
901 1782 988 1869 apud
1013 1781 1182 1847 Stoboeum

153 1881 269 1969 Eclog.
294 1882 401 1949 Ethic.
425 1905 458 1970 p.
476 1886 555 1967 167:
577 1890 611 1970 τῇ
631 1886 682 1967 μὶν
704 1884 747 1950 οὗν
760 1885 880 1972 φρονήσει
895 1883 1080 1960 mertun
1097 1879 1182 1946 ette-

152 1982 229 2062 tiuv,
255 1983 424 2070 εὔλογος-ἴαν,
450 1987 612 2072 ἂγχῖνοοαν,
635 1985 787 2072 νενέχσοιν,
812 1984 1000 2071 οὔμηχοννῖαντ
1037 2005 1182 2071 quocum

152 2083 334 2148 conferatur
347 2084 510 2170 Diogenes
524 2085 670 2153 Laertius
685 2088 762 2151 VII.
777 2105 830 2172 92.
868 2084 972 2173 Igitur
984 2106 1086 2170 quum
1103 2098 1182 2172 pru·

152 2183 253 2246 dentia
267 2184 308 2247 ad
323 2183 530 2272 cogitandum
546 2186 709 2264 referatur,
725 2198 788 2249 tres
807 2185 949 2271 reliquie,
957 2182 1092 2272 justitia,
1107 2197 1183 2249 tem·

149 2284 301 2372 perantia,
312 2284 463 2370 fortitudo
478 2285 518 2349 nd
532 2285 692 2372 egendum
708 2285 889 2373 pertineant
900 2311 911 2365 3
933 2285 992 2351 hur
1012 2285 1094 2372 ipsun
1116 2288 1183 2352 Ze-

152 2406 217 2450 non
231 2384 396 2458 communi
409 2407 527 2472 genere
541 2386 701 2474 φρονησέσς,
716 2399 750 2449 et
764 2387 817 2450 sua
832 2385 949 2472 cuique
962 2384 1073 2451 addita
1085 2386 1182 2453 diffe-

152 2488 253 2553 rentia
267 2486 393 2574 speciei,
416 2486 576 2553 definivit.-
600 2488 675 2554 teste
694 2486 864 2553 Plutarcho
877 2488 930 2554 De
943 2486 1028 2552 Vnt.
1043 2489 1130 2552 Mor.
1146 2509 1183 2574 p.

150 2609 226 2672 441.
242 2591 293 2655 A:
318 2590 426 2655 incurii
446 2588 491 2669 noi
508 2591 600 2669 Ζήνων
621 2595 656 2665 εἰς
676 2589 747 2654 riri
763 2615 819 2663 πως
833 2589 1003 2676 ύποφίρεθορ
1021 2591 1184 2669 ὅΚντῘνεὺς,

151 2691 297 2774 ὁριζόμενος
309 2695 357 2770 τὴν
369 2691 493 2779 φρόνησον
508 2696 534 2756 ὃν
551 2692 601 2774 μὲν
620 2689 808 2773 ἀπονεμητέοις
821 2691 1000 2769 δικαιοσύνην,
1019 2691 1086 2753 itii
1101 2696 1182 2779 αἰρο-

150 2792 220 2866 τὸονς
232 2793 415 2880 σωφροσύνην,
431 2798 456 2870 ἐν
471 2794 498 2856 ii
512 2791 684 2876 ὑσομενεῖἔονς
697 2791 827 2879 ἀνδράσιν.
850 2794 903 2857 De
917 2790 1017 2856 Stoic.
1030 2793 1183 2879 Repugn‚

151 2913 185 2977 p.
200 2912 293 2977 1034.
308 2894 347 2957 C.
377 2895 507 2958 Stobaeo
521 2894 632 2978 Eclog.
649 2884 727 2957 Eth.
742 2893 764 2956 l.
780 2914 810 2956 c.

193 3011 246 3078 97.
265 2999 299 3059 1⁴¹.
320 3000 399 3069 -εἶς
419 3000 467 3073 τὴν
487 2996 577 3081 τύχην
595 2998 704 3069 ἑαυτοὺς
724 2993 1101 3082 ἅφῶμον-δοαφερομένοοή
1127 2996 1182 3061 Si-

150 3093 299 3160 militudo
321 3118 388 3160 rem
410 3094 571 3161 evidenter
586 3095 751 3159 illustrans.
790 3095 998 3186 Frequentius
1020 3095 1062 3159 est
1084 3097 1183 3178 διαρο-

150 3200 245 3284 ρὸθορ
271 3195 303 3261 in
318 3196 384 3261 tali
406 3209 616 3283 argumento:
648 3195 810 3282 διαφέρνῶοη
833 3211 940 3260 tamen
963 3195 1008 3260 ita
1029 3181 1072 3260 est
1094 3197 1185 3283 apud

153 3298 360 3365 Plutarchum
382 3300 468 3386 Opp.
491 3299 578 3362 Mor.
601 3320 634 3384 p.
649 3314 725 3384 591.
745 3298 788 3362 D.
818 3300 892 3384 984.
910 3299 963 3362 D:
992 3312 1026 3362 et
1047 3296 1185 3364 subinde

150 3401 405 3478 confunduntur,
427 3413 464 3464 ut
483 3399 515 3464 in
541 3399 716 3487 Porphyrio
733 3400 785 3465 De
800 3399 923 3464 Abstin.
941 3402 967 3463 1.
982 3401 1036 3483 38.
1051 3399 1184 3486 aliisque

151 3503 230 3567 locis
243 3500 362 3567 notatis
376 3502 417 3566 ab
430 3500 606 3565 Abreschio
620 3499 730 3565 Diluc.
746 3499 894 3586 Thucyd.
910 3520 944 3585 p.
957 3503 1032 3583 651.
1064 3501 1183 3587 Neque

151 3624 224 3667 vero
246 3601 336 3666 locus
360 3600 433 3666 satin
455 3600 587 3666 idoneus
611 3601 653 3666 est
677 3598 880 3687 disjunetinni
903 3600 918 3677 ἢ
939 3599 1108 3665 interduo
1128 3600 1184 3667 illa

150 3702 327 3784 ὲλαννομέννς
347 3701 363 3779 ἢ
380 3702 587 3788 δοσιφνρομέννςι
611 3701 664 3766 sed
686 3701 792 3787 potius
811 3700 981 3787 requiritur
995 3698 1183 3786 conjunfflo

151 3803 207 3886 uui,
227 3818 265 3870 ut
286 3803 379 3868 vertit
396 3803 574 3891 Xylander,
589 3803 674 3892 quast
690 3815 777 3866 vento
796 3805 920 3890 quodam
935 3800 1028 3888 ἕψον
1045 3802 1182 3888 pulveris

148 3918 203 3971 aut
212 3902 439 3995 quisquiliarum
453 3903 618 3990 exagitbtos
631 3916 720 3989 atque
729 3902 896 3990 dffpqtns:
911 3903 1081 3990 diligenter
1095 3902 1182 3984 sane,

149 4009 227 4073 item
248 4008 413 4094 Ammus
434 4020 468 4070 et
488 4004 675 4069 Luscinius:
712 4018 746 4069 at
774 4003 1020 4089 disjunttionem
1046 4006 1182 4070 retinuit

151 4111 326 4179 Cruserius.
363 4112 480 4196 Neque
494 4130 567 4173 vero
582 4106 904 4194 praetermittendum,
919 4107 938 4170 fi
954 4105 1031 4196 quid
1050 4107 1181 4188 aliunde
