2692 4770
235 334 313 390 tort
423 324 462 389 D.
476 327 528 389 W.
548 328 758 389 ANIMADV.
779 329 827 390 IN
848 330 1076 393 PLUTARCHI

225 489 304 555 lasse
318 490 448 576 quidam
470 491 661 577 putaverint.
698 494 740 556 Et
754 492 919 580 Diogenes
935 494 1079 560 Laertius
1097 494 1268 561 hominem

228 606 388 662 memorat
408 593 441 658 ln
460 592 613 679 Aristippi
635 594 863 679 Vita,11.76:
889 595 1034 674 Πολοξέιιι
1049 598 1123 660 orori
1145 602 1196 660 τοῦ
1214 621 1269 660 σο·

228 703 306 775 prs-ori
335 695 503 770 εἰσελθόντος
526 699 599 784 πρὸς
624 697 759 761 αύτύν-.
801 697 946 784 Scriptor
969 697 1115 787 Epistol&
1140 700 1268 763 Socmt.

229 797 391 861 XXXIII.
421 821 453 885 p.
478 814 530 883 73.
560 798 601 862 ad
628 798 837 886 Dionysium:
869 797 1028 884 διαλέγεται
1054 802 1123 887 origi
1148 807 1201 864 σοῦ
1227 804 1267 864 τὰ

227 897 334 960 παιδία
349 902 375 962 έν
388 902 450 974 ταῖς
464 901 541 979 ὁδοῖς,
562 896 608 978 aa)
625 900 780 978 Πολύξενος
794 903 821 961 έν
834 903 891 975 τοῖς
905 899 1078 984 παρθασίοις
1097 900 1264 983 tamisim

228 998 310 1064 forte
331 999 559 1087 corrIgcndum
583 1005 609 1064 έν
629 1004 691 1077 ταῖς
709 986 890 1089 παρᾶςοίσιι,
907 1001 954 1065 vel
975 1005 1000 1065 έν
1017 1005 1073 1076 τοῖς
1092 1000 1264 1089 προστύοις·

227 1101 260 1165 In
281 1101 428 1181 exhedris,
450 1102 482 1164 ιἰι
501 1102 674 1189 porticibus.
720 1103 782 1167 Cui
798 1102 1007 1190 respondetur
1022 1104 1084 1190 Ep.
1101 1104 1264 1169 XXXIV.

226 1222 260 1290 p.
275 1218 293 1288 7
295 1218 328 1288 5.
352 1203 408 1267 sub
422 1202 565 1291 Dionysii
580 1205 728 1290 personat
753 1205 881 1268 κιλεύσον
895 1204 923 1267 δέ
940 1230 986 1287 μοι
1001 1204 1156 1283 Πολύξενύι
1170 1231 1203 1268 τε
1218 1195 1265 1281 καί

224 1303 276 1380 τιίς
289 1302 400 1392 ’ίταίρεις
418 1303 480 1389 (ita
493 1303 580 1367 enim
594 1304 795 1369 scribendum
820 1326 879 1392 pro
901 1306 1007 1392 ἑτέροις)
1030 1305 1075 1385 καί
1094 1310 1133 1369 τὰ
1146 1305 1265 1393 γραίδια

227 1405 274 1486 καί
289 1409 351 1482 τοὺς
369 1434 455 1491 νομιις
474 1408 587 1495 γράψας
599 1413 650 1483 τὰς
663 1410 736 1496 παρ’
751 1412 813 1490 ύμῖν
827 1409 981 1483 συνουσίας.
1006 1408 1099 1472 Errat
1115 1409 1183 1472 Leo
1198 1406 1262 1472 Al·

226 1506 323 1572 latius
336 1507 425 1573 hunc
439 1506 639 1574 confundens
654 1530 728 1573 cum
745 1508 905 1596 Polyxeno
920 1509 1006 1573 affini
1025 1508 1169 1596 Dionyfii
1189 1529 1261 1572 ma·

220 1608 314 1697 jorio,
330 1631 426 1696 quem
444 1610 608 1675 Diodorus
622 1610 686 1676 Sic.
703 1623 872 1674 memorat.
908 1610 1041 1676 Didium
1062 1600 1207 1697 Dionysii
1222 1631 1261 1674 ex

225 1708 339 1775 eodem
363 1711 405 1775 est
424 1733 543 1799 genere
566 1725 663 1797 atque
689 1709 829 1796 ejusdem
854 1710 943 1790 illud,
969 1711 1057 1796 quod
1080 1711 1260 1798 Aristippus

225 1810 414 1891 confutavit,
429 1812 516 1900 apud
532 1811 683 1877 eumdem
700 1811 730 1893 ξ.
745 1811 798 1894 78.
813 1824 846 1875 ct
859 1828 920 1895 70:
944 1812 1061 1886 εἰπόντος
1074 1814 1145 1887 τινὸς
1163 1815 1199 1887 ὥς
1218 1810 1261 1876 ἀεὶ

224 1911 286 1986 τοίις
306 1911 455 1996 φιλοσύφιις
474 1913 574 1994 βλέποι
588 1918 673 2000 παρὰ
685 1915 748 1987 ταῖς
767 1920 822 1974 τῶν
840 1912 975 1976 πλιισίοιν
993 1912 1101 1996 θύραις,
1122 1911 1182 1992 Ka)
1202 1919 1260 2000 γὰρ

224 2009 272 2090 tto)
293 2016 316 2073 οί
336 2014 434 2098 ίατροί,
457 2014 534 2093 φησί,
557 2019 643 2102 παρὰ
662 2015 724 2087 ταῖς
744 2019 798 2074 τῶν
815 2010 957 2075 νοσύντοιν·
982 2014 1049 2074 ἀλλ’
1064 2015 1094 2074 ού
1114 2014 1159 2074 διὰ
1180 2011 1265 2077 τοῦτύ

222 2136 264 2187 τις
278 2111 361 2177 ἕλοιτ’
375 2110 408 2176 νίν
422 2121 504 2178 νοσεῖν
517 2114 533 2192 l
549 2114 687 2202 ίατρεύειν.
725 2114 797 2176 Nec
810 2112 950 2176 efficacia
963 2110 1048 2177 deest
1064 2112 1199 2178 diffioni
1213 2113 1260 2198 έρ-

222 2202 283 2297 γοις
304 2211 445 2299 ἐλέγχειν,
467 2237 499 2276 τι
520 2226 549 2278 et
564 2214 654 2300 fabio
676 2214 876 2300 redarguere.-
902 2236 931 2276 v.
948 2236 978 2277 c.
999 2212 1041 2277 de
1065 2213 1172 2278 Mario
1195 2213 1261 2280 filio

223 2336 258 2402 p.
272 2334 348 2401 433.
365 2315 416 2381 C:
439 2320 466 2380 έν
483 2321 558 2403 ἀρχῇ
571 2320 636 2391 ταῖς
652 2313 757 2400 *Apros
780 2313 937 2397 οίνομοίζείο,
957 2316 1036 2400 ταχὺ
1052 2316 1079 2377 δί
1098 2320 1155 2392 τοῖς
1170 2316 1260 2404 ἔργοις

223 2416 419 2505 ίλιγχύμενος,
434 2417 514 2492 αὖθις
524 2417 683 2504 Ἀφροδίτης
696 2419 749 2490 υίὸς
764 2420 901 2480 ίκαλεῑτο.
927 2416 1049 2481 Platoni
1064 2419 1147 2505 Leg.
1162 2421 1258 2484 VIII.

222 2543 257 2607 p.
272 2521 347 2605 647.
363 2521 411 2585 B:
441 2521 581 2605 ἐλεγχθὲν
606 2520 633 2582 δὲ
656 2520 738 2605 ἔργῳ·
763 2520 805 2583 est
828 2519 1003 2607 experiundo
1023 2520 1192 2607 probatum,
1218 2519 1258 2584 de

222 2645 287 2710 quo
310 2623 490 2688 notavimus
515 2643 548 2708 p.
567 2638 638 2708 137.
655 2622 694 2685 C.
734 2622 821 2685 Nam
844 2637 877 2686 et
899 2621 1045 2708 ἐξελέγχω
1069 2635 1104 2686 ct
1128 2622 1256 2708 ἐλέγχοι,

221 2745 417 2810 quamquam
445 2722 645 2808 aliquantum
671 2719 833 2799 differunt,
861 2736 968 2785 tamen
998 2721 1169 2801 hocloco,
1198 2724 1257 2787 fivc

221 2824 366 2909 scriptor,
394 2824 452 2888 five
477 2823 635 2901 librarius,
661 2821 780 2887 nullam
804 2823 990 2888 discriminis
1013 2825 1170 2890 rationem
1197 2827 1256 2891 ha·

220 2927 310 2990 buit:
334 2940 368 2991 et
382 2927 423 2989 fic
437 2925 527 2989 nullo
544 2923 724 2988 discrimine
745 2924 789 2988 est
810 2925 843 2989 in
867 2925 1007 2990 Platonis
1030 2929 1112 3014 ch.
1136 2931 1197 2993 XI.
1220 2951 1254 3017 p.

265 3128 338 3212 176.
353 3129 398 3193 D.
420 3127 477 3214 γ’.]
512 3127 700 3191 Plutarchus
722 3127 755 3191 in
776 3127 979 3192 Timoleonte
1002 3150 1035 3216 p.
1054 3149 1128 3217 243.
1149 3133 1202 3197 A:
1229 3137 1255 3196 ίι

221 3231 347 3319 Κορίνθῳ
365 3229 429 3309 ξένοι
448 3232 518 3305 τινὸς
537 3231 735 3317 ἂγροικύιτερον
751 3234 786 3303 είς
799 3235 850 3304 τοὶς
862 3236 936 3311 μετὰ
956 3240 1009 3298 τῶν
1024 3233 1177 3316 φιλοσύφιον
1192 3237 1253 3298 διοι-

218 3333 327 3422 τριύιὶς,
342 3335 384 3409 als
399 3341 532 3420 τυραννῶν
546 3332 655 3418 ἔχαιρεν
666 3332 853 3418 χλευάζοντος
868 3335 984 3419 αύτόνος,
1000 3335 1077 3408 τέλος
1092 3339 1253 3423 ἐρωτῶντος,

219 3438 249 3502 τί
261 3441 290 3516 δὴ
305 3443 352 3514 τῆς
366 3434 518 3508 Πλάτωνος
533 3434 711 3497 ἀπολαύσειεν
725 3433 832 3512 σοφίας·
857 3436 955 3513 Οὐδέν,
979 3435 1038 3516 ἔφη,
1061 3439 1105 3499 σοί
1127 3440 1254 3522 δοκοῦμεν

219 3541 270 3603 tsi
292 3539 445 3611 Πλοίτιονος
467 3539 626 3618 ύφιλῆθος,
648 3536 737 3620 τύχης
756 3535 913 3619 μετοιύολὴν
935 3536 1003 3600 ούτιο
1026 3538 1158 3625 φέροντες·
1177 3534 1253 3628 ’φοι

218 3641 375 3730 postrema
396 3637 518 3724 aliquid
538 3635 725 3716 desiderant,
748 3660 788 3702 ex
807 3638 870 3703 hoc
892 3639 965 3704 loco
980 3639 1025 3704 ita
1040 3640 1252 3727 supplendum

217 3741 396 3818 -τοσοιύτην
412 3740 501 3826 τύχης
519 3737 676 3821 μεταύολὴν
696 3737 765 3802 οὗτοι
786 3740 883 3826 ῥαδίως
906 3741 1036 3827 φέροντες.
1078 3744 1254 3831 Comparat

219 3846 398 3912 Schelierus
422 3844 463 3909 ad
491 3843 611 3908 AEliani
634 3845 711 3907 Var.
738 3842 820 3907 Hist.
846 3845 905 3907 IX.
927 3865 982 3930 33.
1007 3867 1082 3908 cum
1104 3847 1252 3933 responso

217 3945 353 4015 Eretrici
367 3943 574 4010 adolescentis
589 3945 629 4009 ad
644 3958 767 4031 patrem
782 3943 909 4008 iratum.

262 4049 334 4132 176.
349 4047 393 4111 D.
422 4044 469 4130 δί]
503 4047 577 4111 Hoc
602 4058 636 4110 et
663 4045 724 4109 alia
747 4045 850 4110 multa
874 4046 1019 4135 Dionysii
1043 4047 1142 4112 exulis
1166 4048 1252 4114 disin

217 4164 329 4238 putem
350 4174 370 4214 a
389 4149 601 4237 Theopompo
622 4149 784 4214 memoriae
806 4149 933 4234 prodita
951 4151 1051 4229 fuisse,
1067 4151 1122 4236 qui
1138 4150 1169 4214 in
1187 4151 1250 4215 Hi·

217 4252 308 4318 storia
327 4251 464 4340 Philippi
486 4251 584 4318 etiam
599 4272 649 4318 res
663 4250 785 4317 Siculas
808 4250 995 4338 complexus
1013 4265 1092 4332 erat,
1113 4265 1147 4316 et
1168 4251 1250 4317 utri·
