2692 4770
232 313 432 375 APOI’IITH.
447 313 536 375 ΒΕΘ.
551 314 603 374 ΕΤ
616 315 711 375 Duc.
724 314 965 392 p.178.F-179.
973 311 1008 372 B.
1062 311 1138 371 1065

119 473 298 540 Schefferua
321 476 363 541 ad
381 477 546 543 AElianum
567 477 591 542 I.
611 477 634 542 l.
656 475 830 556 annotavit,
856 473 987 562 Hssorio
1011 473 1143 560 desumto
1283 480 1290 493 '

117 597 154 636 ex
177 575 377 665 Theophrasto.
409 578 487 643 Vide
510 579 658 643 Stobaeum
680 578 773 643 Serm.
795 577 841 642 X.
878 575 979 664 Cujus
1001 595 1142 640 errorem

118 675 203 741 reae
218 678 419 765 reprehendit
436 679 636 745 Perizonius:
660 690 694 745 et
715 701 774 745 noa
795 677 827 743 in
842 677 1027 765 apographo
1040 675 1141 741 varia-

117 800 189 842 rum
202 778 375 845 lettionum
389 781 526 867 exempli
539 781 686 846 Grotiani
699 779 813 846 diserte
828 779 982 844 habemus
996 800 1054 865 pro
1068 775 1142 843 uni-

118 899 158 942 co
184 878 345 960 lemmate,
371 887 511 947 Αἰλιανοῡ·
545 883 681 947 etitem
706 880 805 947 edidit
827 880 995 945 Schowius
1016 901 1050 967 p.
1070 898 1144 964 130.

118 982 205 1047 Nam
220 983 252 1047 in
265 983 515 1050 Triucavelliana
529 984 709 1070 impliciter
722 983 765 1048 est
779 987 835 1048 Τοῦ
849 986 942 1045 αὐτοῦ.

164 1085 235 1167 178.
252 1087 287 1150 F.
311 1086 362 1150 κδ’.
382 1086 531 1174 Μαχαίτᾳ
552 1085 580 1150 δι’
602 1087 709 1172 τινμ]
737 1084 927 1172 Legendum
944 1109 1017 1162 τινα,
1037 1106 1143 1168 quom·

116 1183 187 1245 dam
208 1183 299 1263 sitem,
322 1207 396 1250 cum
418 1186 529 1252 codice
548 1185 641 1251 Harl.
668 1184 879 1272 nequeenim
901 1183 1072 1248 commode
1092 1182 1143 1248 di·

118 1296 210 1349 catur
230 1286 398 1351 Macbaetae
421 1289 548 1365 cuidam,
571 1287 627 1374 qui
651 1311 715 1354 non
739 1286 836 1352 fuerit
856 1287 1009 1353 obscurus
1032 1288 1143 1366 homo,

119 1384 171 1448 sed
196 1402 286 1472 pater
310 1388 444 1474 Harpali
468 1403 502 1454 et
529 1388 677 1475 Philippi,
700 1387 858 1452 clarorum
884 1387 941 1451 sub
962 1385 1145 1452 Alexandro

119 1484 258 1550 ducum:
282 1510 378 1573 quern
401 1489 547 1554 novimus
567 1511 606 1555 ex
621 1488 759 1555 Arriano
775 1490 837 1553 III.
851 1492 882 1551 6.
896 1489 939 1553 V.
952 1488 983 1552 8.
1023 1486 1143 1552 Eadem

118 1607 167 1649 res
196 1603 351 1667 narratur,
377 1589 429 1655 sed
455 1591 587 1676 persona
614 1591 775 1655 Machatae
803 1589 835 1654 in
860 1589 999 1654 vetulam
1026 1586 1144 1667 delata,

117 1689 203 1771 apud
223 1691 387 1754 Stobaeum
408 1691 555 1779 Florileg.
569 1692 634 1757 Tit.
651 1693 748 1757 XIII.
771 1713 803 1779 p.
822 1695 900 1774 146:
924 1688 1081 1775 Πρισέῦης
1102 1693 1144 1754 δι-

118 1791 251 1872 καζομένη
276 1793 318 1854 tat
339 1793 482 1872 Φιλίπε,
503 1797 538 1869 ὠς
559 1794 629 1880 tripu
648 1795 837 1880 νυςάζοπαῂ
859 1793 1001 1876 primm
1022 1792 1144 1874 ἀποφαί-

118 1896 213 1971 νεθω,
237 1895 316 1956 idciro
332 1899 517 1981 werpire!
530 1898 598 1980 αὐτῇ
613 1899 719 1975 ipsium,
739 1896 793 1958 tt?
806 1896 871 1957 Ἐπὶ
885 1895 959 1973 riva,
976 1893 1056 1957 einer·
1078 1896 1145 1958 ’Eat

117 1992 267 2072 Φίλιππον,
288 1995 455 2080 ἀπεκρίνετο,
477 1995 656 2083 ἐγρηγορότα·
681 1998 726 2060 itu
743 1996 899 2083 legendus
921 1996 975 2060 hic
997 1995 1088 2060 locus
1105 2017 1146 2061 ex

118 2095 229 2160 codice
244 2097 376 2162 Parisrno
388 2100 432 2162 A.
448 2098 481 2163 in
497 2098 643 2185 exemplo
654 2098 821 2165 Grotiano.
845 2099 883 2162 In
898 2098 1147 2164 Trincaveiliana

117 2198 160 2262 est
180 2197 305 2276 lacuna,
326 2198 498 2263 -Φιλίπε
512 2201 547 2274 ὥς
562 2203 593 2263 οὐ
607 2203 626 2242 ¹*
636 2210 655 2249 ⁴
668 2210 687 2249 ⁴
698 2203 778 2282 ζοντα
792 2201 835 2263 ini
852 2204 891 2263 rei
910 2197 1052 2281 μέλλοντα
1071 2203 1143 2263 e’nro·

117 2298 249 2382 aaran..
271 2327 299 2363 κ.
314 2325 344 2362 r.
358 2314 390 2363 λ.
425 2300 582 2366 Gesnerun
596 2301 686 2366 dedit
699 2302 826 2386 expleta
839 2301 954 2365 lacuna
966 2303 1044 2376 -035
1059 2300 1144 2375 νυςᾶ-

117 2405 198 2483 gorra
215 2401 256 2464 tri
280 2428 309 2464 κ.
323 2426 352 2464 τ.
368 2415 399 2465 λ.
423 2414 538 2466 caetera
558 2402 698 2487 reliquit,
713 2402 809 2467 etiam
824 2401 915 2467 initio
929 2399 1081 2489 πςισὸύτης
1094 2401 1145 2467 fe·

117 2500 182 2564 cit:
207 2523 344 2588 eumque
359 2502 484 2567 secutus
501 2504 544 2566 est
557 2502 725 2567 Schowiuo
746 2525 778 2589 p.
792 2505 867 2588 318.
893 2501 1039 2568 Valerius
1051 2502 1144 2567 Max.

117 2602 177 2668 VI.
199 2623 230 2669 2.
253 2605 383 2667 Extem.
404 2623 433 2666 1.
457 2616 563 2668 nan-at
585 2605 641 2668 suo
665 2625 765 2682 more,
787 2601 921 2666 historiae
944 2601 1049 2666 nescio
1067 2602 1145 2688 quid

117 2702 232 2768 scholae
248 2704 434 2769 affundens:
458 2704 624 2768 mulier-a
641 2703 779 2790 Philippo
792 2726 861 2790 rege
875 2700 1028 2767 terrulenta
1043 2702 1145 2769 irreme-

116 2816 213 2866 renter
228 2806 384 2881 damnato,
408 2811 431 2844 “
444 2805 638 2868 Provoeorern
652 2805 697 2868 ad
709 2802 917 2891 Philippum,’·
931 2802 1040 2891 inquit,
1056 2810 1081 2844 “
1086 2806 1148 2893 sed

106 2907 277 2993 strbriuml'
318 2907 450 2993 Excuffit
470 2909 622 2996 crapulam
646 2907 790 2995 oscitanti,
817 2930 853 2970 ae
871 2905 1033 2994 prasentia
1052 2907 1147 2970 onirni

118 3009 230 3073 ebrium
258 2996 428 3100 resipiscere,
454 2999 619 3098 eauffirque
635 3009 809 3096 diligentius
832 3008 972 3096 inspecto,
993 3006 1147 3095 justr'orem

107 3114 287 3199 sententiam
300 3114 388 3200 serre
409 3112 512 3199 coegit.
551 3112 650 3199 Igitur
670 3112 852 3197 aquaem,
876 3132 966 3197 quarn
989 3110 1146 3198 impetrare

118 3238 174 3277 non
193 3227 339 3301 potuerat,
354 3215 490 3300 ertorſst:
510 3215 609 3300 potius
619 3213 789 3301 praestdt'um
803 3236 824 3275 a
838 3210 985 3290 libertate,
1001 3235 1091 3298 quarn
1105 3210 1145 3275 ab

116 3315 280 3380 innocentio
295 3329 442 3381 mutuata.
968 3330 970 3334 ’
1193 3361 1200 3377 ·

160 3440 193 3503 p.
207 3434 278 3504 179.
293 3423 336 3482 A.
358 3420 498 3502 γενόμενος
511 3420 538 3481 rt
552 3423 662 3500 μᾶλλον
676 3415 715 3496 ip'
730 3416 831 3500 ἑαυτῷ]
855 3411 953 3501 Quod
967 3411 1144 3498 recepimus

118 3527 205 3604 ἑαυτῷ
227 3540 285 3605 pro
304 3521 410 3595 ἑαυτὸν,
427 3519 536 3583 suadet
557 3518 633 3583 usus'
651 3516 862 3601 Scriptorum,
877 3514 910 3578 in
927 3512 1036 3599 primis
1053 3513 1143 3578 Plut-

117 3622 205 3686 archi
216 3646 226 3699 ;
251 3622 355 3685 sensus
375 3623 429 3699 est,
453 3621 551 3708 magis
563 3619 627 3706 fibi
648 3619 707 3705 ipse
728 3617 872 3692 redditus,
895 3617 938 3677 ad
958 3615 1146 3700 cogitandum

117 3735 289 3787 revocatur:
314 3722 429 3807 quibus
451 3722 483 3787 in
504 3721 614 3786 cauffia
632 3719 674 3783 dri
692 3716 845 3782 Dativum
868 3715 985 3781 Casum
1007 3714 1157 3780 assumit.

118 3826 217 3889 Stoic.
239 3828 386 3911 Repugn.
408 3847 441 3910 p.
460 3824 617 3908 1051.B:
640 3821 680 3885 fic
695 3821 734 3901 ἐφ’
749 3824 825 3904 αὐτῷ
838 3818 881 3883 est
891 3816 977 3907 solur
995 3816 1081 3902 apud
1098 3816 1143 3882 A·

118 3927 255 3992 ristidem
269 3929 307 3990 T.
325 3929 351 3990 1.
367 3949 399 4012 p.
412 3946 497 4011 329:
522 3940 555 3989 et
576 3926 615 3988 ἐπ’
631 3924 702 4005 ἐμοὶ,
719 3924 757 4005 ἐφ’
771 3925 846 4004 ἡμῖν,
863 3920 896 3984 r'n
909 3942 985 3999 maa,
1002 3919 1033 3983 in
1048 3918 1146 4006 nostra
1222 3963 1224 3969 ·

116 4027 263 4116 potestate,
280 4026 438 4113 frequens.

164 4148 235 4215 179·
251 4130 294 4192 A.
318 4129 391 4211 x5‘.]
412 4128 605 4193 Notavimus
620 4148 654 4211 p.
672 4143 743 4210 143·
759 4125 795 4188 F.

164 4248 234 4318 179.
251 4232 288 4295 B.
311 4230 383 4317 κζ’.]
408 4231 587 4295 Athenaeus
612 4230 655 4292 X.
684 4249 717 4314 p.
734 4244 810 4310 435.
832 4224 884 4290 D:
912 4221 1051 4311 Kaqe'errr
1071 4220 1099 4286 rt
1119 4225 1160 4317 tv.
