2692 4770
296 295 778 359 nrornrnanesrnuc„
800 299 951 376 ama
1066 305 1140 360 ron

110 458 300 537 memorata,
316 459 348 524 in
363 459 413 524 hia
431 459 554 540 omissa,
569 460 756 547 complures·
769 462 889 527 ducum
904 460 998 526 Vitas
1014 460 1142 526 senten·

109 557 230 644 tiafque
246 559 278 624 in
300 561 338 625 iis
359 562 512 648 proditas,
533 563 566 627 in
590 563 639 627 his
662 564 837 649 praeteritas
852 562 1072 649 neglesiasque
1086 578 1143 626 con

108 662 290 746 gnovimus.
334 665 429 728 Porro
454 687 519 728 non
544 663 622 728 illud
642 661 773 742 fecisset,
794 664 881 750 quod
903 664 1072 751 aliquoties
1093 665 1142 729 fa·

108 760 198 825 stum
216 762 507 844 animadvertimus,
522 781 560 831 ut
576 790 625 831 res
640 788 718 852 quaa
730 767 799 830 aliia
821 767 852 830 in
876 766 964 831 libris
978 782 1142 852 tamquam

108 862 238 928 solerter
251 865 335 931 fasta
347 882 538 946 narraverat,
553 865 603 932 hia
618 867 650 933 in
666 868 754 933 libris
768 884 931 955 tamquam
951 883 1045 933 acute
1058 868 1144 934 dista

107 962 254 1036 referret.
274 980 371 1053 atque
391 968 437 1031 ita
458 968 693 1056 Strategemata
717 982 751 1032 et
774 969 968 1051 womsspala
992 969 1025 1032 in
1048 969 1143 1054 Apo⁴

106 1062 357 1151 phthegmatum
372 1067 507 1154 speciem
527 1070 778 1134 transformaret.
815 1060 943 1133 Deinde
965 1068 997 1132 in
1019 1069 1143 1134 ratione

106 1164 199 1229 suum
215 1167 279 1251 ipse
293 1173 418 1233 morem‘
429 1169 625 1250 obtinuisset,
639 1170 760 1256 aliquid
773 1170 814 1236 de
828 1170 971 1236 moribus
992 1169 1142 1258 ingeniis·

105 1285 170 1350 que
184 1266 421 1350 observationis,
436 1270 557 1358 aliquid
569 1294 588 1336 e
602 1271 803 1359 philosophia
815 1270 945 1359 judicii,
960 1293 999 1337 ex
1015 1271 1144 1335 historia

104 1365 249 1449 luminis,
265 1372 453 1439 addidisset:
477 1397 548 1460 quae
564 1397 651 1439 nunc
666 1374 732 1439 fere
747 1374 971 1440 desderamus.
1008 1373 1072 1438 Sed
1091 1373 1143 1438 fac

108 1470 315 1538 Plutarchum
336 1476 482 1540 brevitati
502 1476 666 1542 studuisse:
696 1498 793 1562 quam
813 1476 928 1540 deinde
948 1475 1143 1562 compilato⁴

106 1595 157 1636 res
175 1595 213 1638 ac
232 1575 440 1662 descriptores
463 1578 504 1644 ad
525 1579 608 1643 hanc
627 1579 818 1643 tenuitatem
834 1576 1006 1665 redegisse3
1031 1599 1106 1645 nam
1122 1577 1143 1642 sl

105 1671 185 1758 quid
205 1677 393 1742 mutationis
415 1679 510 1744 subiit
532 1680 585 1745 hic
607 1679 698 1756 liber,
719 1680 822 1766 magis
840 1679 902 1744 hoc
920 1678 982 1742 fuit
996 1678 1029 1742 in
1044 1677 1142 1743 dimi-
1276 1726 1279 1730 a

107 1775 237 1841 nuendo
254 1800 351 1864 quam
376 1779 408 1843 in
431 1780 593 1867 augendo.
632 1780 704 1845 Sint
727 1779 827 1866 igitur
848 1779 918 1843 haec
933 1778 1031 1842 ve'luti
1050 1799 1141 1842 coma

107 1877 263 1942 mentaria
283 1894 317 1943 et
337 1879 521 1960 adversaria,
537 1903 576 1945 ex
593 1880 752 1946 Plutarchi
774 1879 863 1943 libris
880 1878 928 1943 vel
942 1879 983 1944 ab
999 1877 1078 1964 ipso,
1093 1875 1143 1943 vel

104 1978 147 2041 ab
161 1978 224 2042 alio
238 1981 387 2046 collesla:
405 1982 477 2046 sunt
487 1996 575 2046 certe
590 1981 706 2068 partim
721 2003 760 2045 ex
774 1979 875 2058 libris,
891 1978 947 2066 qui
962 1979 1141 2066 supersunt,

106 2079 222 2162 partim
245 2104 284 2145 ex
306 2083 355 2162 iis,
377 2084 432 2169 qui
453 2083 629 2170 perierunt.
667 2081 782 2147 Prioris
803 2081 929 2168 generis
951 2080 1074 2147 toeilior
1098 2080 1142 2145 est

105 2179 335 2268 intelligentia:
367 2185 464 2249 veluti
490 2185 523 2248 in
546 2183 886 2271 Apophthegmatibus
906 2181 1141 2264 Themistoclis,

108 2282 247 2360 Periclis,
267 2285 399 2349 omnino
416 2309 540 2365 eorum,
563 2308 701 2372 quorum
723 2288 808 2351 Vitae
829 2286 950 2350 exstant
961 2310 971 2365 ;
994 2283 1070 2371 quia
1083 2306 1141 2349 co·

105 2383 201 2470 guito
214 2385 299 2451 Vitae
316 2386 388 2452 loco
405 2387 496 2452 fimul
515 2388 593 2453 dieti
613 2388 693 2452 ratio
713 2399 846 2474 apparet
859 2409 878 2452 e
893 2408 978 2451 nexu
992 2386 1140 2452 historia.

106 2487 154 2551 At
183 2487 286 2574 major
313 2489 356 2554 est
383 2490 555 2555 obscuritas
579 2490 612 2554 in
641 2474 986 2576 Apophthegm'atibua
1014 2510 1140 2570 comm,

105 2611 242 2674 quorum
265 2591 350 2655 Vitae
372 2605 430 2657 aut
451 2593 625 2678 perierunt,
640 2606 698 2655 aut
713 2613 777 2655 non
793 2591 936 2670 suerunt,
951 2589 1049 2654 veluti
1064 2587 1140 2656 Phi·

104 2689 198 2776 lippi,
221 2691 391 2779 Antigoni,
414 2691 657 2779 Epaminondae,
681 2691 882 2778 Scipionum,
904 2691 1045 2771 Metelli,
1067 2693 1141 2756 Au·

105 2793 200 2880 gusli,
215 2809 249 2860 et
263 2795 488 2883 plerorumque
511 2796 578 2859 fere
599 2793 766 2873 omnium3
790 2794 864 2879 quia
879 2792 956 2857 disti
970 2792 1068 2858 veluti
1083 2815 1140 2859 ex·

105 2895 222 2980 cerpti,
236 2910 270 2960 et
283 2897 376 2961 avulsi
398 2918 417 2959 a
435 2918 569 2982 corpore
591 2910 625 2961 et
642 2908 797 2960 contextu
815 2894 964 2975 membri,
987 2914 1087 2961 nexus
1107 2910 1142 2962 et

106 2997 188 3061 ratio
202 2998 283 3084 saepe
300 2997 476 3084 ignoratur.
516 2997 620 3085 Igitur
634 2996 667 3061 in
681 2995 744 3061 hoc
758 3018 888 3082 genere,
909 3008 946 3061 ut
959 2995 1067 3062 minus
1080 3019 1139 3062 co·-

103 3098 198 3186 gnito
219 3100 386 3186 minusque
406 3099 568 3186 expedito,
590 3098 745 3186 majorem
764 3098 994 3183 interpretandi
1007 3121 1140 3186 operam

105 3199 284 3286 posuimus:
307 3201 340 3264 in
362 3200 431 3280 illo,
449 3215 487 3265 ut
505 3201 645 3265 faciliore
663 3196 840 3264 satisfecisse
863 3221 922 3264 nos
943 3200 1138 3286 putavimus,

106 3301 126 3364 si
146 3314 329 3365 notaremus
350 3301 429 3365 alios
449 3301 551 3381 locos,
571 3301 740 3388 inquibus
760 3300 831 3364 haec
849 3299 935 3364 dista
949 3299 1138 3386 produntur.

107 3404 145 3466 In
169 3417 283 3466 neutro
305 3425 423 3490 genere
447 3403 644 3490 negleximus
671 3401 827 3467 rationem
850 3400 939 3481 diui,
964 3401 983 3464 sr
1009 3402 1140 3489 quando

105 3503 232 3583 lateret,
248 3503 368 3589 aperire
377 3528 388 3584 ;
411 3502 498 3589 quod
514 3503 595 3591 saepe
607 3502 943 3582 animadvertemus,
957 3501 1026 3589 ejus
1042 3502 1139 3591 igno·

102 3606 263 3671 rationem
277 3605 380 3670 doslis
394 3605 491 3670 etiarn
514 3604 697 3669 hominibus
718 3603 811 3669 valde
825 3604 941 3685 obesse,
961 3627 1026 3669 non
1040 3605 1140 3672 modo

108 3706 148 3770 ad
170 3706 410 3795 intelligendam
428 3706 630 3786 sententiam,
649 3705 704 3770 sed
722 3705 754 3770 in
774 3706 885 3791 primia
903 3706 943 3770 ad
960 3707 1140 3794 percipien-

104 3809 183 3873 dum
207 3831 355 3889 acumen,
378 3807 516 3895 indeque
530 3807 599 3873 sieri
616 3822 656 3872 ut
674 3807 790 3873 horum
810 3809 1139 3896 Apophthegmatum

105 3910 191 3975 haud
209 3932 323 3996 pauca,
338 3911 481 3998 quamvis
503 3925 598 3977 acuta
618 3924 652 3976 et
671 3912 786 3990 faceta,
806 3923 915 3974 tamen
938 3933 997 3996 pro
1016 3909 1140 3997 frigidis

103 4027 138 4078 et
156 4013 290 4077 inficetis
304 4012 469 4079 haberent.
505 4015 576 4080 Nos
590 4034 665 4078 vero
682 4012 746 4077 hoc
764 4011 942 4099 cujusmodi
955 4012 993 4076 fit
1006 4034 1066 4078 nec
1079 4011 1138 4077 de·

105 4115 248 4194 sinimus,
274 4136 333 4179 nec
357 4137 574 4203 repugnamus
600 4114 774 4202 quominus
797 4114 863 4195 alii,
889 4115 990 4202 siqui
1016 4114 1139 4198 volunt,

105 4216 281 4283 definiant:
312 4215 394 4284 illud
420 4219 626 4298 affirmamus,
653 4217 875 4304 prefationem
901 4216 943 4284 ad
967 4217 1140 4308 Trajanum

151 4339 241 4386 vor..
258 4337 313 4387 vt.
612 4338 670 4405 31
