2692 4770
168 361 227 424 572
313 355 352 415 D.
363 357 414 413 W.
434 357 646 417 ANIMADV.
662 359 709 416 IN
729 358 959 417 PLUTARCHI
981 357 1053 414 LIB.

166 516 219 580 De
233 514 368 581 Vitiofit.
382 516 494 583 Anim.
511 541 544 605 p.
556 541 636 606 499²
657 524 878 606 -Μητροκλῆς,
895 518 923 594 ὃς
941 527 1075 606 χειμῶνος
1092 523 1120 580 ἓν
1141 521 1199 592 τοῖς
1225 510 1229 525 ’

165 613 318 701 aptatur
335 617 483 697 καθιιίθοον,
499 617 545 699 καὶ
558 620 641 705 θίρινς
660 625 686 683 ἓν
704 624 759 694 τοῖς
772 620 954 708 προπυλαίοις
972 629 1026 684 τῶν
1044 625 1131 706 ἱερῶν,
1150 621 1199 680 τὸν

165 717 192 778 iv
213 711 356 780 Βαίυλοῖινι
368 716 551 802 χειμάζοντα,
567 717 614 799 καὶ
625 719 691 804 oripi
707 721 830 797 Μηδικὴν
847 719 988 806 θερίζοντα
1003 723 1123 804 Περσῶν
1136 719 1197 795 βα·

165 812 249 876 ertia
273 815 341 902 περὶ
362 816 528 897 εὐδαιμονίας
551 819 587 893 νίς
607 822 705 902 ἀγῶνα
724 824 920 904 epanenses:
944 839 1016 902 quae
1041 816 1098 880 suo
1122 815 1198 880 loco

166 914 382 980 tradabimus.
411 916 534 983 Eodem
549 917 687 1005 pertinet
700 918 779 983 illud
792 918 894 983 Bafilii
908 919 958 982 hs.
971 918 1028 982 Or.
1044 919 1097 981 De
1111 919 1196 1004 Leg.

166 1016 224 1079 Gr.
240 1018 279 1081 T.
292 1018 320 1081 Ι.
336 1039 368 1103 p.
379 1037 454 1103 503.
470 1019 518 1084 A:
539 1018 620 1105 Ἐγαί
639 1021 666 1083 δὲ
685 1020 732 1083 καί
748 1019 880 1105 Διογένεις
892 1019 1005 1110 ἄγαμαι
1016 1022 1065 1095 τὴν
1076 1018 1197 1082 πάντων

165 1119 231 1198 ὁμοῦ
248 1124 302 1180 τῶν
320 1119 489 1205 ἁνθριοπίναν
506 1118 663 1205 ὑπεροψίαν
687 1119 767 1205 ίςγε
785 1120 832 1199 καί
847 1120 986 1199 βασιλέως
1006 1126 1054 1182 τοῦ
1074 1119 1196 1203 μεγάλοι

164 1221 259 1282 ἑαυτὸν
280 1218 394 1306 daippus
413 1222 619 1308 οσλιισιοίιορον,
635 1228 676 1306 τῷ
692 1222 833 1287 ἑλατίίνοιν
846 1222 861 1299 ἢ
875 1227 969 1298 ἐκεῖνος
985 1226 1061 1284 κατιὶ
1072 1223 1120 1283 οόν
1135 1219 1196 1300 βίον

164 1322 267 1398 siuns.
291 1312 373 1385 ¹Mos
389 1320 472 1408 regis
485 1322 645 1387 Persarum
659 1322 821 1388 mutanda
834 1321 1038 1388 habitationis
1052 1321 1093 1386 ad
1108 1336 1195 1387 tem·

164 1423 319 1507 pestutum
345 1421 552 1508 locorumque
575 1421 794 1503 diversitatem,
823 1423 954 1489 subinde
977 1446 996 1487 a
1019 1423 1194 1489 Veteribus

164 1537 376 1587 memoratur:
399 1545 429 1585 v.
441 1546 470 1587 c.
486 1523 614 1589 AEliano
627 1525 744 1589 Natus.
757 1524 899 1589 Animal.
916 1526 959 1588 X.
973 1528 1005 1589 6.
1035 1525 1079 1589 Et
1092 1546 1112 1588 a
1128 1526 1193 1590 ne-

163 1622 358 1688 centiorihus
373 1622 445 1687 inde
458 1625 619 1710 proditus:
643 1649 672 1689 v.
686 1649 716 1690 c.
736 1626 774 1690 B.
789 1626 941 1691 Brisl'onio
954 1624 995 1689 de
1010 1627 1091 1712 Reg.
1110 1624 1193 1690 Pers.

164 1722 245 1810 Cap.
262 1725 382 1788 LXlX.
418 1726 475 1788 Ea.
490 1726 684 1810 Spanlremio
699 1726 740 1790 ad
752 1726 870 1792 Juliani
883 1728 939 1792 Or.
957 1728 982 1789 Ι.
998 1736 1118 1811 p.125.

207 1830 260 1910 78.
274 1829 317 1893 D.
339 1828 523 1913 Ἀγησίλαος]
550 1828 754 1894 Simillimum
777 1829 823 1893 illi
844 1830 981 1894 Socratis
999 1829 1085 1894 dieto
1103 1828 1193 1916 apud

164 1930 327 1994 Platonem
347 1927 379 1994 in
401 1929 522 2016 Gorgia
541 1951 574 2016 p.
592 1949 664 2016 290.
681 1933 706 1995 F
718 1955 726 1994 ι
750 1929 869 2017 dequo
890 1930 1027 1994 diximus
1042 1929 1137 2016 supra
1149 1929 1192 1994 ad

162 2051 196 2117 p.
206 2033 227 2094 6
231 2078 238 2094 .
253 2032 295 2093 A.
319 2032 392 2095 Hoc
404 2031 549 2117 Agefilao
563 2031 714 2095 tribuitur
727 2054 746 2096 a
759 2031 928 2097 Plutarcho
940 2031 1189 2118 Apophthegm.

162 2137 242 2221 ch.
257 2149 291 2198 et
308 2137 393 2200 Duc.
409 2156 442 2220 p.
462 2155 533 2220 190.
549 2138 583 2200 F.
618 2139 739 2200 Lacon.
763 2158 795 2222 p.
814 2156 886 2221 213.
901 2137 950 2201 C:
975 2134 1147 2216 Είθισμίναι
1161 2137 1190 2198 οἳ

159 2240 276 2315 ποῖοντὴν
296 2236 396 2299 Ἀσίαν
416 2236 610 2300 κατοικούντων
625 2240 673 2300 τὸν
692 2243 810 2325 Περσῶν
823 2237 947 2315 βασιλέα
965 2237 1058 2324 μίγαν
1071 2264 1190 2323 προσα-

158 2339 288 2425 γορεύειν,
301 2338 340 2402 Τί
360 2339 386 2400 δὲ
407 2341 499 2412 ἐκᾶνος
517 2343 581 2419 ἐμοῦ
599 2337 743 2420 pigmus
763 2343 801 2420 μὴ
815 2339 977 2427 δικαιότερος
991 2339 1038 2418 καί
1050 2340 1187 2425 σαφρονί·

158 2465 248 2527 ςερος;
271 2442 321 2504 De
334 2439 392 2504 Sui
408 2437 516 2503 Laude
531 2460 564 2524 p.
573 2454 648 2523 545.
664 2439 707 2504 A.
743 2442 817 2504 Vita
832 2441 969 2528 Agesilai
984 2463 1017 2525 p.
1033 2443 1108 2505 608.
1126 2444 1161 2505 F.

201 2543 254 2627 78.
268 2545 313 2607 D.
335 2541 509 2627 Ἀριςοτίλης
522 2544 586 2628 πρὸς
599 2542 783 2628 'salanum
811 2543 996 2607 Plutarchus
1010 2543 1062 2607 De
1074 2543 1188 2608 Animi

156 2643 273 2730 Tranq.
294 2667 326 2730 p.
342 2663 381 2726 47
384 2663 416 2727 3.
432 2645 474 2707 A.
498 2642 569 2707 loco
585 2643 648 2706 fer'e
671 2643 781 2708 simili:
804 2645 979 2733 Ἀριςοπίλης
992 2647 1019 2708 u
1033 2648 1107 2734 πρὸς
1119 2649 1187 2710 Ἀν-

156 2745 286 2832 πίπατρον
298 2745 423 2830 γροίρων,
440 2748 503 2807 Οὐκ
521 2744 694 2831 Ἀλαξαίνδρορ
707 2745 798 2828 μίνον,
813 2745 872 2827 ἔφη,
887 2747 1013 2831 προσήκοι
1027 2745 1106 2832 μέγα
1119 2766 1186 2833 φρο-

155 2855 216 2926 νεῖν,
234 2847 273 2910 ὅτι
290 2851 386 2931 κρατοῖ
397 2855 515 2909 πολλῶν
529 2846 687 2932 ἀνθρώπων,
701 2851 767 2911 ἀλλ’
786 2853 841 2934 οὐχ
852 2848 922 2925 ἤπίον
936 2849 972 2922 οἷς
983 2850 1103 2937 brigga
1117 2853 1186 2937 σιρί

154 2959 224 3019 θοῶν
246 2951 266 3016 ἃ
286 2956 325 3015 δεῖ
344 2952 473 3034 δοξάζειν.
510 2953 562 3016 De
583 2952 639 3016 Sui
662 2952 772 3017 laude
792 2974 824 3038 p.
839 2971 914 3039 545.
930 2957 981 3018 A:
1005 2954 1076 3019 οὗτοι
1093 2958 1121 3019 li
1140 2955 1187 3036 soi

154 3057 227 3142 πρὸς
250 3060 264 3116 ί
283 3053 470 3141 Ἀριςοτέλης,
490 3056 536 3115 Οὐ
555 3051 645 3133 μίνον,
660 3052 718 3132 ἔφη,
732 3059 788 3127 τοῖς
801 3064 919 3119 πολλῶν
932 3065 1078 3142 κρατοῦσιν
1091 3061 1186 3137 isaiam

153 3155 233 3241 μέγα
251 3162 361 3243 φρονεῖν,
375 3159 454 3218 ἀλλὰ
469 3153 515 3233 καί
528 3159 583 3228 τοῖς
601 3156 669 3242 περὶ
683 3159 753 3217 θεῶν
766 3157 843 3232 δόξας
856 3163 967 3235 ἀληθεῖς
982 3158 1078 3244 ἔχουσι
1094 3185 1103 3223 t
1127 3183 1183 3226 vo·

154 3260 227 3338 luit,
244 3258 355 3324 debuit
368 3271 467 3334 certe,
482 3255 626 3330 scribere,
640 3258 714 3344 πρὸς
726 3259 917 3348 Ἀντίπατρον,
932 3274 989 3324 aut
1002 3265 1075 3345 πρὸς
1088 3261 1185 3326 Ἀντί-

152 3386 255 3447 πατρον
281 3360 348 3444 περὶ
375 3356 558 3443 Ἀλεξάνδρα.
602 3357 702 3419 Hunc
727 3356 834 3422 locum
859 3358 1009 3446 spediavit
1034 3360 1183 3425 Julianus

154 3465 237 3548 lmp.
259 3461 291 3525 in
314 3459 450 3545 Epistola
462 3458 502 3522 ad
520 3456 729 3522 Themisiium
750 3480 783 3546 p.
802 3462 875 3544 265.
890 3464 939 3525 A:
963 3461 1140 3547 Ἀριςοτέλης
1156 3465 1183 3526 δὲ

150 3563 284 3650 πρότερον
302 3560 383 3624 istm
401 3560 524 3638 ἐννοήσας
538 3562 627 3637 εἰπεῖν,
649 3557 689 3621 ὅτι
703 3563 741 3645 μὴ
754 3567 828 3643 peior
845 3566 919 3647 αὖπιρ
932 3563 1069 3650 προσήκοι
1083 3570 1184 3651 φρονεῖν

98 3728 102 3733 ,
150 3666 192 3729 ἐπί
214 3670 247 3748 τῇ
272 3668 419 3748 θεολογικῇ
443 3662 582 3747 σνγίραρῇ
604 3667 650 3722 τοῦ
671 3661 834 3737 καθελόντος
856 3667 903 3741 τὴν
924 3669 1042 3751 Περσῶν
1058 3666 1181 3746 δύναμιν.

150 3768 225 3832 Hoc
246 3764 346 3852 igitur
367 3783 560 3850 quamquam
579 3760 610 3824 in
632 3762 769 3847 Epistola
783 3762 824 3826 ad
844 3765 1055 3850 Antipatrum
1069 3768 1179 3853 prodi-

149 3882 232 3945 tum,
248 3879 367 3944 tamen,
385 3861 504 3930 Juliani
527 3861 656 3941 indicio,
671 3861 711 3926 de
726 3863 896 3950 scriptione
912 3866 1111 3954 'l'heologica
1128 3867 1180 3931 di·

148 3968 217 4034 xit:
240 3969 281 4033 de
295 3991 359 4054 qua
374 3969 460 4031 hunc
475 3965 582 4030 locum
597 3965 723 4050 accepit
742 3968 773 4032 J.
788 3969 832 4032 A.
849 3969 1009 4034 Fabricius
1026 3970 1178 4036 Biblioth.

148 4073 206 4134 Gr.
227 4067 301 4133 Vol.
317 4068 362 4130 II.
384 4088 416 4153 p.
434 4084 505 4151 191.
542 4064 718 4130 Aristotelis
731 4067 894 4151 Epistolas‚
910 4068 942 4132 in
957 4067 1057 4155 iisque
1070 4093 1124 4135 eas
1137 4070 1177 4137 sd

147 4170 367 4256 Antipatrum,
383 4178 539 4231 memorat
554 4165 718 4253 Diogenes
733 4167 877 4231 Laertius
892 4171 934 4233 V.
948 4188 1000 4251 27.

190 4272 242 4355 78.
257 4272 301 4336 D.
324 4270 470 4353 Zsm-J
500 4266 689 4337 Plutarchus
713 4269 765 4334 De
786 4268 843 4334 Sui
863 4269 975 4336 Laude
995 4293 1028 4358 p.
1042 4287 1118 4358 545.
1133 4274 1158 4337 F
1164 4298 1173 4337 ι
