2692 4770
258 306 492 371 CONSULAT.
508 308 564 368 AD
580 308 862 369 APOLLONIUM.
882 319 986 387 1u115.
996 307 1034 379 D,
1042 308 1077 367 E.
1129 311 1189 385 769

199 486 269 558 115.
280 472 330 537 D.
353 473 387 536 ri
400 470 836 561 βάλτιον-ιιαδ-αἶμσιῶτατον]
861 471 997 538 Fortaffe
1015 494 1124 537 verum
1144 473 1189 539 est

156 569 276 649 βίοτιςιν
298 596 320 637 a
344 574 438 639 Mea.
460 573 627 641 oblatum
657 595 851 661 quamquam
880 573 1047 660 vulgatum
1071 574 1104 638 in
1126 574 1188 639 hac

153 671 444 762 grandiloquentim
464 690 503 743 ut
522 698 629 741 rarum
645 690 678 741 ct
691 676 856 741 communi
877 676 1001 739 ratione
1022 676 1187 756 recedens,

152 772 254 841 ninus
277 777 463 864 repudiem,
488 800 585 866 quam
610 778 679 843 aliis
699 778 732 841 in
757 777 848 843 locis.
897 777 1048 843 Diximus
1069 777 1110 843 de
1131 779 1189 845 ista

152 874 317 943 Gradiuum
333 879 564 969 conjunctione
578 879 620 945 ad
634 904 669 969 p.
688 901 760 945 101.
775 879 818 945 C.

189 994 265 1065 115.
274 980 322 1046 D.
345 987 454 1070 σιααᾷν
466 983 600 1072 ἀρῥῆτας]
618 982 781 1070 Congruit
793 1005 867 1048 cum
884 981 938 1047 ista
951 982 1101 1070 exquisrta
1113 1005 1186 1049 ora-

150 1080 243 1149 tionis
256 1082 378 1163 forma,
391 1084 469 1151 licet
483 1086 581 1151 fimile
593 1086 717 1152 dietum
733 1109 798 1151 non
813 1086 1079 1151 observaverimus
1094 1112 1102 1151 ι
1126 1111 1188 1154 nec

151 1204 226 1269 ομιο
247 1183 425 1252 admittere
437 1187 552 1254 Reiffii
575 1189 733 1277 ἀῤῥῆιιτωςι
757 1186 845 1276 quod
865 1188 898 1251 in
915 1185 1187 1255 emendationum

150 1284 327 1353 Notatione
339 1287 450 1354 vitiose
463 1289 640 1376 expressum
655 1291 698 1354 est
712 1291 855 1379 ἀρρἦιος.
1209 1300 1215 1311 ‘

191 1402 265 1474 115.
279 1390 327 1455 D.
348 1391 585 1477 ἀναγκαζόμενος]
612 1394 739 1457 Praestat
756 1392 991 1476 ἀναγκαζόμενον,
1006 1390 1095 1478 quod
1108 1390 1187 1458 dant

152 1487 186 1553 Β.
195 1491 243 1556 D.
257 1490 389 1557 Schott.
404 1494 450 1558 T:
472 1492 564 1559 aliter
577 1495 688 1559 Anon.
703 1506 737 1558 et
751 1494 793 1560 V.
807 1492 1033 1578 ἀναγκαζομένιι.

193 1606 267 1679 115.
283 1596 324 1659 E.
347 1592 441 1682 ἀμιςιν
463 1599 523 1683 yde
542 1602 613 1659 πᾶσι
635 1598 781 1660 ἀποθανεῖν
802 1597 839 1670 ὥς
859 1593 985 1682 τάχιςα]
1014 1594 1187 1662 Gravitatis

155 1691 270 1780 species
290 1697 421 1783 quaesita
444 1697 487 1761 est
508 1696 722 1762 redundantia
742 1710 776 1761 et
797 1696 983 1784 trajeetione
1004 1698 1186 1763 verborum.

156 1795 319 1861 Sententia
339 1797 405 1884 ipsa
424 1797 604 1863 celebratur
624 1798 796 1864 Veteribus
810 1796 933 1876 multia
948 1797 1090 1885 principe
1111 1801 1186 1862 Ho-

155 1919 253 1978 mero,
279 1898 373 1987 cujus
395 1899 526 1964 nomine
548 1900 612 1964 hoc
637 1901 739 1964 fertur
764 1898 797 1962 in
822 1899 1005 1964 Certamine
1029 1902 1131 1965 Hom.
1154 1913 1188 1966 ct

159 1998 281 2065 Hefiod.
297 2022 331 2088 p.
342 2020 417 2087 321.
434 2000 521 2067 Edit.
538 2002 650 2066 Heius.

320 2205 419 2270 Φύντα
432 2207 454 2269 δ’
465 2202 534 2281 ὅπως
548 2205 637 2280 dass-a
650 2207 741 2281 σύλας
754 2207 833 2269 ἀΐδαο
847 2212 975 2291 περῆσαι.

162 2302 240 2371 istnc
259 2304 472 2395 Bacchylides
494 2306 586 2372 duxit
607 2330 659 2394 ap.
675 2307 766 2374 Stob.
781 2307 878 2372 Gesn.
897 2328 929 2392 p.
942 2324 1019 2391 530.
1043 2309 1136 2374 Grot.
1150 2331 1185 2395 p.

164 2423 228 2495 405·
430 2459 432 2463 ’

324 2517 461 2579 Θνατοῖσι
473 2517 512 2596 μὴ
526 2520 603 2595 φῦναι
615 2511 733 2598 pipicus,

321 2618 396 2694 Μηδ
411 2616 492 2679 visais
505 2617 647 2704 προσιδεῖν
661 2613 766 2698 odyss?

315 2715 436 2793 Ὀλέιις
449 2720 471 2781 δ
484 2719 566 2791 οὐδεὶς
578 2720 684 2803 βροτῶν
696 2715 798 2779 πάντα
809 2715 921 2802 χρόνον.

165 2816 210 2882 Ad
222 2819 352 2885 verbum
373 2820 596 2906 transcriptum
617 2820 659 2883 est
676 2819 859 2906 Theognidi
874 2835 952 2904 417.
972 2841 1023 2908 ap.
1041 2821 1130 2885 Stob.
1153 2843 1186 2906 p.

165 2920 228 2987 602.
249 2923 345 2987 Grot.
361 2943 396 3009 p.
408 2942 496 3008 491:

320 3025 430 3112 Ἀρχὴν
443 3025 494 3108 μέν
507 3029 547 3108 μὴ
561 3034 638 3110 oriam
653 3026 847 3112 ἐπιχθονίοισιν
861 3025 966 3115 ἀςιςον,

365 3129 439 3204 Met
452 3129 545 3191 ἐσιδεῖν
558 3131 649 3212 αὗγάς
664 3129 736 3205 ὀξέος
750 3128 840 3206 dehis·

321 3228 419 3292 Φῦιτα
433 3231 454 3291 δ’
469 3226 538 3303 ὅπως
551 3227 641 3303 ἀκιςα
653 3234 751 3304 mutuis
765 3230 843 3293 ἀΐδαο
855 3235 989 3318 στερῆσαι,

365 3328 423 3397 Ka)
436 3334 534 3411 κᾶὢαι
546 3335 659 3409 πολλὴν
672 3335 760 3417 γαῖαν
774 3332 968 3414 ἐρεσσόμενοι.

166 3430 216 3497 His
228 3430 363 3497 Grotius
384 3430 418 3496 in
440 3433 494 3498 sua
513 3434 538 3496 F
538 3431 673 3520 lorilegii
688 3433 850 3497 Stobaeani
865 3434 1005 3498 editione
1018 3433 1187 3519 praemittit

165 3530 233 3600 duos
252 3533 344 3601 locos
366 3535 399 3599 in
421 3533 614 3600 Gesneriana
636 3534 836 3616 desideratos,
860 3536 994 3600 alterum
1013 3535 1186 3621 Aristarchi,

165 3634 288 3703 alterum
304 3637 573 3719 Chalcidamontis,
593 3637 775 3704 nominibus
798 3638 986 3727 insignitos:
1011 3641 1097 3705 hunc
1113 3643 1185 3728 qui-

167 3735 227 3803 dem
238 3738 367 3806 duobus
382 3739 575 3805 hexametris
589 3740 659 3826 ipfis
673 3740 736 3804 illis
749 3741 847 3806 modo
861 3742 1046 3807 memoratis
1060 3744 1187 3809 Home·

167 3836 514 3930 ιίοἰοἋμχῆν-σιςῆσαι·
532 3841 609 3906 etin
622 3840 767 3929 margine
781 3844 919 3929 exempli
932 3842 977 3906 sui
990 3844 1189 3923 Gesneriani,

169 3938 480 4031 inLugdunobatava
494 3942 555 4007 hac
573 3942 773 4008 Bibliotheca
787 3943 910 4022 servati,
932 3945 987 4007 sua
1007 3967 1106 4007 rnanu
1127 3965 1187 4007 an·

96 4056 98 4089 ῑ
170 4044 274 4108 notavit
294 4045 336 4109 ad
356 4045 446 4109 hunc
468 4043 575 4109 locum
599 4044 669 4109 haec
687 4046 798 4113 verba:
822 4043 959 4132 quadum
975 4045 1093 4131 tragica
1110 4044 1188 4108 Ari-

164 4139 269 4225 turchi,
286 4144 557 4226 Chalcislamantis,
577 4158 630 4209 cet.
664 4147 707 4209 Et
722 4144 926 4231 Aristarchum
940 4146 1070 4232 quidem
1085 4146 1189 4234 tragi-

174 4248 415 4313 cum-novimus:
442 4246 715 4312 Chalcidamantem
738 4247 770 4312 in
791 4246 999 4335 scriptoribus
1019 4248 1190 4332 nominari,

212 4367 357 4418 vot.v1.
442 4384 447 4395 ·
654 4368 711 4434 31)
