2692 4770
240 314 466 376 CONSOLAT.
480 313 539 375 An
554 313 835 376 APOLLONIUM.
853 313 1001 391 amoc
1088 312 1146 388 793

116 477 176 542 hus
197 475 308 543 libris:
336 502 400 544 non
422 480 505 546 inter·
527 480 596 545 οὕτω
617 492 651 545 et
672 481 733 559 nal,
759 493 796 543 ut
816 478 917 543 voluit
939 470 1090 557 Rcilltius‚
1114 488 1148 543 et

110 577 179 665 jam
207 592 304 644 antea
330 580 449 647 fecerat
475 581 652 669 Xylander,
680 603 744 645 non
772 576 1060 644 animadvertentes
1082 576 1148 642 vim

114 681 280 767 particulae
295 680 376 762 οὕτω,
389 706 461 770 quae
477 685 540 750 hoc
554 684 627 748 loco
641 706 705 748 non
721 683 858 747 refertur
871 680 911 745 ad
925 678 1028 769 deneg,
1044 679 1097 745 sed
1109 678 1151 744 ad

116 788 158 846 et:
184 784 240 869 qui
254 785 328 848 usus
343 808 382 850 ne
402 788 631 874 Hoogeveenio
646 787 789 874 quidem,
804 784 892 872 quod
905 784 1014 863 sciam,
1030 782 1062 847 in
1078 802 1150 847 ma·

116 908 183 972 gno
199 887 250 949 De
267 888 431 951 Particulis
446 889 608 954 volumine
619 902 792 954 annotatus
806 888 860 951 est.
885 886 1013 951 Etenim
1028 882 1152 949 εἰ-ῧνοο

117 987 269 1075 fignificat
291 989 551 1076 consequentiam
565 990 721 1075 ſs-tunc.
759 987 947 1053 Plutarchus
966 985 1051 1051 Adv.
1071 985 1150 1072 Epi·

115 1111 184 1153 cur.
199 1111 233 1175 p.
251 1110 344 1154 1100.
357 1093 407 1155 D:
431 1097 454 1155 ei
468 1094 495 1155 δὲ
512 1094 637 1181 χρησμοὶ
652 1094 699 1156 καὶ
712 1089 974 1175 μαντικὴ-ἔνδοξόν
988 1095 1028 1163 ta
1041 1090 1088 1154 καὶ
1104 1091 1150 1153 eri·

116 1191 206 1270 κλιὲς,
221 1191 304 1266 οὕτως
318 1193 428 1278 ἀνάγκη
442 1197 504 1270 τοὺς
518 1194 665 1281 λέγοντας,
679 1199 715 1271 ὥς
728 1199 758 1258 οὐ
771 1198 810 1257 δεῖ
822 1193 916 1276 σώζειν
930 1196 991 1267 τοὺς
1005 1190 1152 1271 Ἕλληνας

114 1298 270 1373 -ἀδοῖεῑν
282 1296 447 1381 fiorocula
460 1312 489 1363 et
503 1299 652 1363 diuinatio
663 1323 728 1364 cum
739 1299 840 1386 gioria
856 1310 884 1362 et
895 1297 1068 1385 loudesunt
1082 1318 1151 1361 cou-

106 1399 229 1485 junna,
252 1401 422 1487 consequens
444 1400 492 1487 est,
514 1413 550 1466 ut
571 1402 594 1466 ii
615 1401 777 1489 ignominia
792 1401 880 1487 digni
890 1400 968 1485 ſsnt,
984 1399 1035 1487 qui
1049 1399 1152 1465 dicunt

115 1523 174 1563 non
188 1500 291 1564 debere
304 1526 356 1566 nos
369 1503 496 1589 nostram
510 1492 626 1593 operam
637 1505 680 1568 ad
686 1505 856 1592 servandos
870 1503 990 1567 Graecos
1002 1502 1152 1590 conferres

119 1617 152 1666 et
165 1603 229 1667 hoc
243 1603 316 1669 loco
331 1606 473 1671 Reisltius
492 1606 574 1683 οὕτως
592 1608 624 1672 in
646 1607 762 1680 πάντως
778 1605 970 1670 mutandum
991 1605 1151 1671 censebat.

117 1704 238 1769 Theseo
260 1727 293 1791 p.
308 1726 340 1791 3.
363 1708 390 1770 B
407 1733 414 1772 :
439 1707 493 1772 insi
515 1707 714 1792 δὲ-διὲφαννον
732 1705 945 1785 ἀλκὴν-οὔτως
965 1708 1047 1770 αὑτὸν
1065 1705 1151 1784 nnl-

117 1807 357 1891 θρα-ἐκέλευσεν
373 1814 485 1891 ripensi·
511 1811 747 1898 quondoquidem
760 1821 858 1872 autem
873 1807 1035 1894 osmdebot
1050 1808 1153 1889 robur,

118 1917 187 1970 tunc
205 1933 269 1971 mm
289 1909 407 1972 AEthra
419 1910 510 1998 jufflt
520 1912 688 1995 subdocere
703 1923 832 1999 paterna
842 1911 950 1996 stgno.
990 1909 1154 1978 Publicola

118 2028 149 2092 p.
166 2028 220 2093 99.
242 2008 288 2071 E:
314 2007 354 2072 de
372 2010 475 2072 Bruto
495 2010 576 2074 filios
595 2010 843 2089 condemnante,
863 2011 899 2084 ὥς
916 2010 1023 2073 scotti
1036 2009 1152 2097 ἀπεκρί-

116 2133 194 2171 ναντο
215 2110 274 2196 τοῖς
298 2110 487 2196 ἐρωτηθέντες,
514 2111 597 2187 οὕτως
617 2110 778 2198 daos-pitius
798 2114 863 2200 arpis
884 2113 946 2186 τοὺς
967 2110 1100 2199 ὑπηρέτας
1119 2112 1152 2177 το

116 2211 269 2299 πρόσωπον,
282 2213 430 2301 “spicarias
447 2215 506 2292 siin,
530 2216 611 2295 εἶπεν,
626 2217 658 2278 τὸ
675 2215 767 2277 λοιπὸν
782 2213 870 2301 ἔργον·
895 2237 985 2301 quum
1001 2224 1045 2276 ier
1057 2213 1152 2277 inier-

118 2314 216 2399 rogati
238 2313 285 2377 nil
305 2315 520 2402 respondiffent,
545 2329 614 2380 tunc
633 2315 753 2381 vultum
775 2316 818 2377 ad
839 2314 951 2379 lictores
972 2328 1153 2397 convertens,

118 2415 188 2478 Jom
209 2415 349 2501 vssrrnrr,
374 2417 481 2502 inquit,
504 2416 543 2502 est
563 2430 643 2504 opus.
684 2414 869 2501 Xenophon
893 2415 1066 2503 Cyropaed.
1091 2415 1153 2482 IV.

119 2532 219 2602 5.15:
244 2515 295 2603 κᾷν
313 2519 364 2600 μὲν
382 2521 501 2600 δοκῶμεν
518 2521 627 2600 ὠφελεῖν
647 2517 765 2581 πλέονα
786 2518 828 2578 ’erl
848 2523 902 2579 τῶν
915 2517 1001 2580 ἵππων
1015 2516 1152 2600 dyonisi-

119 2643 204 2698 μενον,
221 2617 291 2682 οὕτω
304 2618 465 2704 προθυμίας
480 2621 539 2681 οἰδὲν
552 2617 725 2700 ἐλλείψομεν.
762 2617 931 2703 Longinus
945 2618 996 2681 De
1014 2617 1152 2685 Sublim.

121 2723 204 2787 Se&
220 2722 381 2786 XXXIV.
401 2721 515 2787 initio:
545 2726 581 2784 Ei
605 2724 625 2784 δ’
645 2726 766 2808 ἀριθμῷ,
788 2725 827 2803 μὴ
849 2725 889 2805 τῷ
907 2725 1004 2797 ἀληθεῖ
1024 2720 1152 2809 κςίνοοτο,

120 2822 201 2898 οὕτως
219 2821 253 2886 οἷν
276 2824 297 2909 ’i
316 2825 455 2911 Ὑπερίδης
469 2829 509 2909 τῷ
525 2824 615 2885 παντὶ
635 2821 761 2909 ὑπερίχον
784 2819 965 2902 Δημοῶἔνος.
1002 2821 1077 2887 Sine
1092 2845 1152 2888 an·

121 2925 288 2991 tecedentc
312 2927 467 3012 particula
489 2925 683 2990 conditionis
702 2940 736 2989 et
757 2924 869 2989 caussae
891 2929 925 3004 tl,
949 2926 1016 3003 ind,
1039 2922 1083 3005 dv,
1104 2925 1154 2994 vel

120 3027 220 3108 srmili‚
236 3029 279 3092 est
294 3029 380 3114 apud
397 3029 604 3093 Plutarchum
621 3027 758 3092 Camillo
772 3049 806 3113 p.
824 3048 895 3113 134.
910 3030 944 3092 F.
977 3023 1154 3095 Cleomene

119 3152 150 3217 p.
165 3132 240 3197 822.
256 3133 294 3197 E.
333 3132 451 3196 Similis
467 3132 510 3196 est
528 3131 611 3195 ratio
633 3132 664 3194 in
688 3131 810 3195 Latinis
833 3129 1059 3215 particularum
1080 3132 1154 3219 quia

119 3233 209 3319 -stc,
220 3234 469 3321 siquidem-ita,
490 3233 522 3297 in
542 3233 751 3320 fignificandis
773 3233 876 3297 caussa
897 3247 931 3297 et
952 3233 1088 3298 effecto:
1116 3247 1155 3299 ut

120 3337 215 3403 docet
238 3337 368 3402 Cortius
390 3336 431 3399 ad
454 3336 620 3400 Ciceronis
642 3337 702 3420 Ep.
724 3334 846 3400 Divers.
868 3337 963 3399 Xlll.
983 3353 1045 3418 70:
1073 3335 1153 3402 item

111 3441 264 3522 ss-tunc,
281 3452 315 3504 et
325 3440 463 3525 fi-tum
486 3439 517 3501 in
540 3436 707 3502 Tursellini
729 3437 895 3502 Particulis
915 3437 1083 3502 CCXLll.
1097 3440 1153 3525 36.

122 3562 173 3627 92.
234 3589 243 3607 .

165 3562 238 3710 riti.
252 3644 293 3707 C.
309 3641 493 3730 [Irrides-4
520 3644 568 3707 Ex
581 3640 729 3718 Phanis,
745 3662 809 3728 quo
824 3640 857 3704 in
872 3639 1022 3704 carminis
1035 3663 1155 3730 genere

121 3745 273 3830 plurimas
288 3744 328 3809 de
343 3744 522 3808 animorum
538 3743 777 3808 immortalitate
789 3765 826 3808 ac
841 3741 1065 3808 detunsiorum
1080 3745 1153 3810 seli·
1229 3801 1232 3806 .

122 3849 217 3913 citate
239 3847 411 3911 sententias
427 3847 586 3932 prodidit:
611 3846 796 3910 monuimus
815 3844 877 3908 hoc
894 3843 964 3932 jam
984 3845 1016 3910 in
1032 3847 1154 3934 Dispu-

122 3950 242 4016 tatione
258 3951 310 4013 De
324 3948 445 4014 Placito
469 3947 721 4013 Immortalitatis
736 3946 820 4012 Seu.
835 3947 878 4009 11.
895 3968 928 4032 p.
944 3949 995 4015 26.
1024 3950 1100 4012 Hoc
1115 3950 1156 4016 ab

122 4051 193 4118 loco
207 4050 369 4139 profedlos
384 4048 558 4136 Virgilium
576 4050 653 4112 AEn.
669 4047 729 4113 Vl.
744 4047 819 4130 638.
842 4067 879 4110 ac
897 4046 1061 4111 Tibullum
1078 4048 1105 4112 I.
1120 4068 1154 4134 3.

122 4158 173 4240 58.
188 4169 222 4220 ct
237 4152 426 4218 imitationis
446 4150 573 4237 vestigia
592 4150 766 4228 observare,
782 4147 964 4235 jucundum
987 4149 1022 4212 srt
1041 4148 1155 4237 legen·

124 4256 221 4340 tibus,
246 4255 384 4343 longum
409 4253 502 4321 nobis
529 4251 748 4320 scribentibus.
800 4249 990 4318 Plutarchus
1014 4253 1156 4340 quamvis
