2692 4770
256 287 458 349 APOPHTH.
473 291 562 351 REG.
576 292 630 350 ET
642 291 738 350 Duc.
755 307 784 366 p.
794 288 966 360 unc-E.
1051 297 1126 349 10⁵1

100 448 176 515 stem
198 448 365 517 citavimus
383 452 601 519 Iamblichum
619 454 671 519 De
683 452 752 518 Vit.
768 451 907 540 Pythag.
924 451 955 532 ξ.
969 450 1043 517 266.
1079 449 1129 515 A·

99 550 168 614 liud
183 550 253 638 ejus
272 552 394 617 dietum
415 555 583 642 attigimus
605 554 647 620 ad
669 556 737 620 Ser.
760 555 863 618 Num.
883 551 981 618 Vind.
1003 574 1037 637 p.
1054 565 1130 639 559.

98 652 143 716 A.
171 656 203 719 J.
222 655 378 719 Meurfius
392 656 432 720 ad
448 657 589 722 Helladii
604 656 837 722 Chrestomath.
853 655 933 742 Cap.
949 655 1042 718 LIII.
1057 675 1130 740 per·

99 775 208 840 peram
224 777 262 818 ex
278 779 343 821 uno
358 756 440 822 duos
454 758 531 823 facit
550 758 772 845 Epicharmos,
786 757 923 844 diligens
937 753 1131 843 caeteroquin

98 854 132 920 in
155 856 224 943 ejus
248 856 424 923 Comoediis
450 861 660 925 recensendis.
696 861 748 924 De
773 872 867 924 aetate
890 858 958 945 ejus
983 857 1131 938 breviter,

98 955 152 1020 sed
168 979 252 1036 vere,
268 959 432 1024 Bentleius
452 960 493 1024 ad
516 961 673 1025 Phalarid.
698 982 730 1047 p.
750 960 821 1024 108.
860 959 952 1025 Plura
971 958 1131 1023 Fabricio!

97 1056 154 1122 dat
180 1058 262 1134 Bibl.
287 1061 344 1124 Gr.
360 1061 436 1126 Vol.
459 1064 486 1125 I.
510 1084 542 1149 p.
559 1064 633 1146 676.
670 1062 785 1147 Neque
810 1083 884 1125 vero
905 1056 1067 1124 reticenda
1088 1057 1132 1123 est

98 1159 252 1244 scriptura
279 1160 398 1225 codicis
427 1162 520 1227 Harl.
550 1162 607 1248 qni
636 1163 791 1251 ἀποῤῥήτων
817 1160 874 1226 dat
906 1183 964 1247 pro
994 1165 1131 1248 ἁπρηὸν,

99 1262 243 1348 quamvis
260 1285 355 1349 parvo
370 1263 409 1328 ad
426 1264 471 1329 rei
485 1264 641 1330 summam
655 1263 846 1329 discrimine.
900 1323 903 1329 .

146 1380 218 1449 175.
230 1365 270 1428 C.
287 1367 518 1432 ΔΙΟΝΥΣΙΟΥ
531 1372 615 1433 Totr
628 1366 934 1433 muzssmpotr.
949 1363 1003 1450 ast]
1019 1364 1131 1430 Accu·

101 1466 171 1530 sans
186 1465 305 1551 priores
321 1467 396 1532 belli
414 1468 524 1547 duces,
546 1468 611 1554 ipse
629 1491 703 1532 cum
724 1467 794 1532 aliis
808 1467 928 1533 elesius
949 1467 1026 1546 dux,
1048 1464 1132 1532 viam

101 1566 155 1630 fibi
180 1567 354 1654 tyrannidis
376 1569 519 1654 aperuit:
544 1568 590 1633 ita
611 1568 775 1634 Diodorus
799 1568 864 1634 Sic.
883 1569 980 1633 XIII.
1004 1587 1057 1654 91,
1078 1584 1132 1654 92.

102 1667 270 1754 Polyaenus
291 1670 333 1732 V.
351 1688 380 1737 2.
396 1689 427 1736 2.
449 1683 483 1734 et
500 1671 596 1735 verbo
612 1669 797 1736 Aristoteles
817 1669 911 1735 Polit.
927 1671 969 1733 V.
984 1684 1017 1752 5.
1054 1668 1131 1733 Sor·

101 1768 271 1844 tiebantur
281 1792 358 1857 ergo
380 1770 565 1858 Syracusani
579 1770 719 1837 disiuros
737 1771 769 1835 in
786 1770 940 1836 couci0ne
954 1769 1000 1833 ita
1012 1781 1051 1835 ut
1065 1768 1132 1834 sor-

102 1883 152 1936 tes
168 1871 266 1935 essent
280 1870 443 1935 literarum
459 1872 543 1936 notis
558 1872 726 1959 infignitae‚
740 1871 838 1938 veluti
856 1870 996 1938 Athenis
1010 1867 1134 1957 judicia

102 1972 203 2037 literis
224 1974 418 2037 notabantur
439 1987 472 2037 et
487 1971 616 2060 judices
637 1972 848 2039 sortiebantur
868 1971 992 2038 literius
1013 1984 1050 2038 ut
1072 1992 1132 2038 no·

101 2073 204 2155 vimus
219 2095 258 2136 ex
274 2073 492 2159 Aristophanis
513 2074 606 2139 Pluto
622 2090 695 2158 277.
712 2090 787 2160 973.
823 2073 957 2138 Dictum
972 2073 1034 2138 hoc
1047 2071 1132 2139 Dio·

102 2174 177 2262 nyfii
193 2176 297 2261 postea
311 2175 442 2240 demum
464 2176 512 2241 vel
533 2177 575 2241 ab
596 2176 663 2263 ipso
681 2175 752 2263 jam
769 2197 876 2240 rerum
897 2174 1014 2261 potito,
1029 2173 1076 2240 vel
1091 2173 1134 2241 ab

101 2276 171 2342 aliis
185 2275 403 2364 excogitatum
419 2277 560 2343 videtur:
583 2293 618 2342 et
631 2278 755 2344 sortasse
772 2291 880 2343 ortum
895 2298 934 2342 ex
947 2275 1003 2343 illo
1022 2275 1151 2367 prodi-¹

101 2377 170 2465 gio,
186 2378 305 2464 dequo
320 2391 417 2457 vates,
437 2381 479 2444 ab
497 2401 538 2443 eo
557 2379 705 2458 consulti,
728 2378 960 2466 responderunt
980 2378 1021 2443 sn
1041 2387 1137 2446 ταῦτα

101 2479 258 2567 μοναρχίαν
273 2481 367 2558 δηλοῖς
391 2479 477 2565 quod
494 2491 599 2544 narrat
613 2479 762 2545 AElianuo
776 2483 855 2545 Var.
869 2480 950 2545 Hist.
965 2481 1112 2562 X11.46.

146 2596 182 2663 17
185 2600 217 2664 5.
231 2581 275 2643 D.
298 2579 352 2664 β’.]
373 2579 463 2644 Bello
476 2579 621 2644 adversus
633 2580 715 2645 cives
728 2581 786 2645 sub
799 2579 928 2646 initium
943 2580 1135 2669 tyrannidis,

102 2680 237 2767 pressum
254 2681 294 2745 de
308 2704 346 2745 ea
364 2680 554 2767 deponenda
571 2681 734 2768 cogitasse,
756 2681 863 2746 scribit
882 2681 1047 2751 Diodorus
1067 2681 1133 2749 Sic.

102 2784 195 2847 XIV.
213 2783 244 2846 8.
262 2783 306 2847 nil
328 2782 368 2846 de
388 2783 477 2847 bovis
497 2782 657 2868 exemplo,
677 2782 732 2847 sed
748 2781 925 2857 amicorum
943 2783 1074 2848 hortatu
1092 2781 1135 2848 ad

100 2909 150 2951 res
168 2885 359 2951 obtinendas
374 2886 611 2965 confirmatum,
626 2907 769 2950 narrans.
800 2886 953 2951 Isocraten
966 2885 999 2952 iu
1013 2885 1134 2953 Archi·

101 2987 198 3052 domo
225 3009 258 3073 p.
282 3003 356 3072 215.
380 2986 520 3051 similiter
544 2986 610 3050 fere
634 2985 793 3052 historiam
816 2987 936 3073 prodit,
961 2988 1016 3053 nisi
1046 2987 1135 3075 quod

102 3091 218 3155 civium
239 3090 314 3154 odio
339 3088 428 3154 addit
453 3089 764 3176 Carthaginiensium
787 3091 993 3157 obsidionem.
1033 3093 1135 3159 Hunc

102 3193 229 3256 secutus
244 3192 286 3255 est
300 3189 448 3254 AElianus
460 3192 540 3256 Var.
555 3190 635 3254 Hist.
657 3191 716 3255 IV.
734 3191 764 3254 8.
801 3191 923 3256 Omnes
942 3190 1023 3256 illud
1044 3192 1076 3256 ei
1093 3192 1135 3258 ab

102 3292 207 3356 amico
229 3291 390 3379 objesium
412 3293 595 3379 perhibent,
615 3294 701 3357 καλὸν
718 3294 840 3376 ἐντάφιον
853 3300 869 3371 ἡ
882 3293 1024 3378 ruperis:
1047 3292 1135 3381 quod

102 3411 136 3462 et
161 3395 349 3462 Plutarchus
371 3396 449 3461 citat
470 3397 522 3460 De
542 3397 621 3482 Rep.
646 3396 720 3461 Seni
740 3396 820 3489 Ger.
843 3417 877 3481 p.
893 3396 967 3481 783.
983 3395 1028 3460 C:
1051 3408 1085 3462 et
1096 3407 1136 3461 ut

103 3511 194 3560 retus
210 3495 332 3560 dicium
349 3495 496 3560 adhibuit
508 3495 683 3561 Justiniano
702 3494 818 3559 Caesari
837 3493 979 3560 aestuanti
992 3509 1027 3558 et
1040 3495 1137 3562 rebus

103 3597 260 3663 diffidenti
273 3597 444 3663 Theodora
458 3619 550 3677 uxor,
565 3598 641 3662 teste
661 3596 816 3683 Procopio
836 3598 889 3664 De
902 3596 993 3662 Bello
1007 3597 1090 3663 Pers.
1106 3596 1135 3664 I.

105 3719 157 3782 24.
174 3723 205 3786 p.
221 3718 293 3782 272.
306 3701 349 3764 A.

150 3819 221 3887 175.
238 3806 276 3866 E.
299 3800 332 3866 δ’.
356 3805 419 3865 Οὔκ
439 3799 493 3874 Iesu
515 3805 541 3864 ἐν
558 3800 601 3863 oui
626 3799 807 3886 τύραννος-ἦ
840 3800 986 3885 Apparet
1005 3795 1138 3885 perodio

106 3905 239 3969 iambici
253 3904 342 3982 diiii,
358 3908 421 3968 Οὐκ
437 3903 491 3976 Iro
506 3907 533 3966 ἓν
548 3902 593 3966 σοί
603 3884 635 3986 ’γ’
648 3901 758 3985 ἡγεμὼν
771 3900 883 3976 πόλεως
895 3900 970 3988 ἇνῆρ·
994 3921 1091 3987 quem
1104 3900 1137 3965 J.
1173 3902 1174 3906 ’

104 4007 258 4092 Uptonus
277 4004 501 4069 animadvertit
522 4004 554 4068 in
571 4001 708 4089 epieteti
723 4000 804 4068 Diss.
821 4001 865 4064 II.
884 4000 1012 4086 13.·fin.
1048 3999 1151 4075 Hine,

105 4105 203 4169 etiarn
229 4103 364 4170 dubium
387 4118 500 4191 putem
519 4103 600 4169 illud
620 4100 780 4167 Herodoti
799 4101 861 4167 111.
876 4118 940 4186 532
963 4099 1018 4173 ἐπεὶ
1040 4101 1067 4163 tt
1088 4104 1138 4164 τοῦ

69 4282 73 4291 .
103 4206 193 4294 xpsvo
209 4203 417 4301 πςοὸαίνονζος,
437 4205 462 4286 s,
475 4232 507 4270 rc
522 4203 687 4295 Περίανδρος
700 4199 873 4292 crepidine,
888 4202 910 4292 a}
924 4200 1152 4305 mquidem.
