2692 4770
180 278 260 333 1148
374 273 773 337 D.W.AN1MADV.1N
794 276 1034 337 estimem

175 437 300 510 cirione*
314 437 498 521 varisium,
514 451 552 503 ut
569 438 680 505 alienae
701 463 816 511 manus
833 441 1104 507 additamentum
1122 454 1159 506 et
1178 438 1222 507 iii·

177 553 466 624 terpretamentum
482 542 627 607 vocabuli
642 543 833 623 nimirum,
848 544 945 610 obelo
961 540 1117 609 notanda
1130 544 1212 609 sunt.

221 661 253 724 p.
271 660 344 726 209.
362 644 404 706 A.
427 640 491 727 ia‘.]
517 646 564 708 Ex
578 644 653 709 Vita
669 646 805 733 Agesilai
828 668 860 733 p.
876 649 953 712 600.
972 646 1016 726 C,
1034 646 1084 713 D.
1108 643 1220 733 partim

175 741 218 806 od
239 744 383 822 verbum,
405 744 491 809 unde
510 745 572 810 hoc
594 745 667 811 loco
686 747 894 812 confirmatur
914 751 951 822 ὥς
974 748 1020 813 ἰπὶ
1050 746 1179 834 Kapsa,
1191 758 1221 811 et

173 847 350 914 ostenditur
363 849 536 938 legendum
550 851 903 934 αὐτονὸμες-βασιλέωςι
920 874 1128 940 quamquam
1141 852 1220 919 hinc

172 950 322 1017 ultimam
338 975 447 1017 vocem
462 976 591 1041 quoque
611 954 703 1019 Harl.
718 954 861 1020 omittit:
886 953 1036 1019 indidem
1050 953 1219 1041 corrigen-

172 1051 252 1117 dum
269 1054 449 1135 mordacior
466 1057 516 1137 pir
532 1059 642 1120 ἀδικεῖν.
679 1058 732 1122 De
752 1055 881 1121 historia
901 1055 1017 1121 1111ἃο1
1038 1055 1088 1120 est
1109 1056 1218 1121 Xon·

170 1153 261 1241 phoii
286 1155 448 1220 Hellenic.
473 1158 531 1222 IV.
546 1178 580 1239 4.
593 1174 627 1243 5.
650 1157 736 1245 sequ.
758 1158 844 1224 unde
865 1156 938 1223 alii:
962 1155 1072 1221 'veluti
1094 1178 1216 1245 cogno·

170 1279 245 1321 men
263 1256 396 1344 scriptor
410 1259 549 1346 Agefilai
564 1260 592 1324 Ι.
611 1280 661 1324 10.
679 1261 742 1347 seq.
779 1260 945 1327 Diodorus
964 1258 1034 1326 Sic.
1052 1260 1215 1345 1111179.

170 1360 203 1424 8.
241 1361 342 1426 Corn.
364 1364 479 1450 Nepos
499 1365 543 1428 ΙΙ.
558 1378 593 1428 et
605 1383 639 1449 3.
668 1365 840 1431 Frontinus
863 1365 890 1428 Ι.
907 1364 938 1428 8.
958 1382 1012 1431 ia.
1046 1362 1214 1452 Polyaenus

171 1463 218 1527 11.
237 1484 267 1527 1.
281 1465 313 1542 8,
330 1488 362 1550 9.

213 1585 286 1653 209.
301 1569 339 1653 B.
363 1566 429 1652 ιβ]
454 1569 503 1632 Ex
515 1567 594 1633 Vita
606 1567 746 1655 Agefilai
761 1589 794 1653 p.
808 1568 884 1633 600.
899 1567 954 1633 Dr
979 1567 1133 1635 universe
1147 1570 1211 1635 Xe-

167 1669 302 1756 nophon
318 1670 478 1736 Helleuic.
496 1672 606 1752 1114.
625 1688 676 1757 15.
705 1669 826 1759 Agesil.
851 1675 878 1735 1.
894 1690 949 1752 24.
982 1672 1212 1759 Agamemno·

166 1771 216 1838 nis
237 1772 421 1860 exemplum
443 1773 572 1840 aliunde
594 1775 749 1852 sumtum,
772 1774 814 1839 ab
832 1772 1005 1840 Aristotele
1027 1772 1210 1855 laudatum,

164 1875 302 1959 vidimus
317 1898 350 1962 p.
363 1897 418 1962 32.
434 1880 470 1943 F·
508 1877 699 1965 Legendum
714 1874 842 1963 -o'iiripa
862 1876 1064 1956 ἄπολυομᾶνοις
1079 1883 1130 1955 τῆς
1143 1904 1208 1965 fp-

162 1976 251 2058 τείας,
266 1992 304 2042 ut
319 1977 375 2042 dat
393 1978 489 2043 Harl.
507 1974 654 2066 dispartiri
670 1975 858 2060 ἇπολυομίνυς
871 1978 904 2042 J.
917 1989 952 2040 et
963 1976 1092 2042 Venet.
1106 1978 1209 2045 minut

166 2078 265 2145 rode.

207 2199 281 2267 109.
296 2180 338 2244 C.
361 2178 431 2264 ιγ’.]
463 2183 510 2244 Ex
535 2181 614 2246 Vita
637 2179 776 2268 Agesilai
798 2201 831 2265 p.
849 2181 927 2244 600.
949 2180 998 2242 Er
1027 2180 1206 2247 auctorest

160 2282 347 2368 Xenophon
371 2281 530 2347 Hellenic.
558 2284 668 2364 111.4.
685 2300 735 2368 19.
760 2280 846 2346 unde
861 2280 996 2367 scriptor
1018 2302 1204 2370 cognomen

35 2446 42 2465 ,
161 2385 300 2474 Agesilai
323 2388 350 2450 1.
368 2387 420 2453 28.
460 2386 629 2473 Polyaenus
649 2386 694 2449 ll.
715 2406 743 2448 1.
756 2402 789 2470 5.
805 2384 928 2450 dislum
949 2383 1052 2448 etiam
1075 2384 1202 2474 subjici·

158 2510 238 2554 ensi
265 2491 372 2575 xqirieiiro
391 2494 560 2562 Λακωνικῶς
578 2487 646 2567 ilari,
668 2490 742 2573 Πρὸς
762 2486 805 2561 οὓς
826 2487 877 2569 μὲν
897 2487 944 2550 τὸν
966 2488 1070 2570 ἀγῶνα
1090 2487 1201 2574 ἔχομαι,

159 2593 226 2656 11011
240 2592 322 2656 οὗτοι·
346 2594 411 2678 irrip
434 2589 468 2655 air
490 2593 517 2655 δὲ
539 2600 643 2655 ταῦτα.
689 2593 730 2654 Et
751 2589 783 2653 ln
799 2589 953 2675 praesente
967 2588 1042 2653 loco
1055 2590 1201 2676 Tempo-

158 2721 231 2763 rum
254 2697 372 2783 paritas
386 2694 589 2772 restituenda,
611 2693 660 2758 bis
684 2691 822 2778 legendo
837 2691 885 2756 vel
898 2690 1036 2776 μάχεθε,
1058 2704 1100 2755 ut
1116 2694 1151 2758 P.
1169 2708 1201 2757 et

156 2801 236 2865 Vita
256 2798 414 2885 Agesilai:
442 2797 488 2862 vel
504 2800 650 2882 μαχεῖὣι,
671 2795 755 2859 utin
775 2793 866 2858 Harl.
905 2796 980 2858 Hoc
995 2792 1137 2880 Agesrlal
1153 2795 1199 2861 fa·

157 2904 247 2968 &um
262 2900 422 2988 Lysander
445 2921 521 2963 moir
543 2902 667 2985 Spartae
690 2897 790 2961 redux
813 2896 845 2960 in
868 2896 1027 2960 concione
1042 2894 1200 2978 laudarit,

155 3020 193 3071 ut
208 3019 312 3069 narrat
328 3001 587 3089 Agatharchides
602 2999 688 3085 apud
703 2998 902 3063 Athenaeum
919 2998 999 3061 XIl.
1014 3019 1048 3084 p.
1064 3014 1144 3084 550.
1161 3002 1198 3064 E.

198 3127 272 3192 209.
290 3107 330 3171 C.
354 3103 413 3187 ih]
437 3107 484 3169 Ex
499 3103 575 3167 Vita
588 3101 727 3188 Agesilai
748 3123 781 3186 p.
797 3103 872 3166 601.
889 3101 934 3178 A,
950 3101 988 3163 B.
1004 3099 1063 3164 ubi
1081 3101 1198 3167 10611111

154 3225 312 3289 narratur,
337 3206 520 3294 Agesilaum
545 3205 607 3269 hoc
625 3202 809 3283 Tithrausti‚
834 3201 998 3268 successori
1012 3202 1197 3291 Tissapher·

154 3315 216 3392 nis,
239 3310 448 3398 respondisse:
478 3308 569 3394 cujus
591 3306 725 3391 responsi
754 3319 879 3390 partein
905 3303 1092 3388 Xenophon
1119 3306 1197 3370 item

154 3416 263 3504 prodit
286 3411 445 3477 Hellenic.
463 3410 526 3474 Ill.
545 3429 578 3490 4.
599 3423 660 3493 252
685 3407 818 3471 alteram
842 3420 967 3492 partem
990 3403 1032 3470 de
1053 3405 1199 3473 ditandis

151 3518 264 3584 amicis
278 3516 409 3601 scriptor
424 3510 562 3599 Agefilai
578 3512 638 3575 IV.
655 3512 687 3574 6.

195 3638 269 3704 209.
289 3619 334 3682 D.
357 3614 412 3699 rifi]
440 3616 486 3677 Ex
507 3613 583 3678 Vita
601 3609 738 3698 Agesilai
761 3631 794 3695 p.
808 3612 883 3673 601.
899 3610 937 3672 E.
962 3610 1048 3688 602:
1074 3612 1199 3698 speslat

149 3720 298 3787 eamdem
315 3742 382 3783 rem
398 3715 588 3783 Plutarchus
605 3716 656 3779 De
672 3712 759 3777 Aud.
778 3713 867 3777 Poet.
886 3733 919 3799 p.
935 3730 990 3796 31.
1007 3711 1048 3777 C.
1073 3716 1133 3780 ubi
1147 3717 1198 3782 lo·

151 3846 207 3890 oos
223 3819 477 3907 Xenophonteos
492 3816 686 3882 censuimus.

191 3947 267 4014 209.
282 3928 321 3990 E.
345 3923 406 4008 ις’.]
436 3922 629 3988 Notavimus
652 3941 685 4006 p.
704 3938 777 4005 191.
795 3919 831 3982 B.
855 3918 887 3982 in
910 3915 1086 4003 Apophth.
1113 3923 1196 4009 Reg-

148 4045 183 4098 et
197 4032 285 4096 Duc.
302 4025 439 4114 Agesilai
454 4023 489 4101 η’.

190 4152 266 4218 209.
282 4133 317 4195 F.
341 4127 405 4213 132]
434 4125 628 4191 Notavimus
642 4121 763 4187 ibidem
778 4119 811 4185 δ’.
832 4142 864 4207 p.
885 4141 956 4205 191.
973 4121 1016 4186 A.

191 4254 266 4323 209.
283 4235 319 4297 F.
342 4228 401 4316 ιη’.]
432 4230 480 4293 Ex
500 4227 579 4294 Vita
601 4224 740 4314 Agesilai
762 4246 795 4311 p.
818 4227 892 4309 603.
916 4224 971 4288 D:
997 4225 1098 4293 habet
1119 4222 1195 4317 par.
