2692 4770
237 375 715 438 sacraruuncmouc.
734 372 1021 452 arear-rm.
1065 379 1141 446 ιοοε

154 536 225 600 186.
239 540 273 602 F.
289 539 563 624 tulupam]
587 542 623 604 ln
637 539 700 603 hoc
716 561 781 603 non
796 537 898 602 solum
913 534 1137 621 imperatoriae‚

109 655 218 699 verum
235 639 330 703 etiam
345 641 490 706 oratoria
508 654 591 705 artes
609 641 752 717 luerunt,
767 651 805 703 ut
819 637 932 704 lustini
947 634 1048 699 verbis
1062 649 1136 698 uta-
1246 690 1249 695 ⁴

108 756 194 814 mur,
208 738 267 801 VI.
283 754 316 823 5.
354 741 463 820 Certe,
478 755 515 805 ut
537 763 674 828 magnus
696 740 770 805 belli
789 739 866 818 dux,
886 739 931 803 ita
951 735 1038 801 haud
1055 758 1135 800 con·

107 838 299 921 temnendus
315 840 376 904 luit
389 857 513 906 orator:
537 857 570 906 et
585 840 769 906 Aristoteles
783 862 857 904 eum
876 839 908 902 in
928 858 1063 902 numero
1077 836 1136 900 ha·

104 935 176 999 buit
197 960 321 1018 eorum,
345 963 480 1027 quorum
504 943 589 1006 dieta
610 943 759 1029 frequens
781 942 813 1005 in
836 940 923 1006 libris
945 937 1135 1004 Rhetorico-

105 1060 176 1100 rum
193 1040 337 1106 laudaret
350 1058 383 1107 et
400 1044 433 1107 in
449 1045 594 1130 exempla
612 1044 799 1109 imitationis
821 1054 1023 1130 proponeret.
1066 1038 1134 1126 lgia

105 1152 159 1203 tur
173 1162 273 1226 quum
288 1144 427 1208 universe
444 1158 527 1209 acute
541 1146 634 1224 dieta,
650 1145 698 1210 vel
714 1145 868 1209 meditata
886 1144 918 1207 in
939 1140 1136 1208 orationibus

103 1244 370 1326 pronuncientur‚
386 1246 434 1310 vel
450 1247 550 1310 subita
565 1246 596 1310 in
612 1247 756 1312 sermone
769 1246 951 1334 jaciantur:
976 1266 1013 1308 ex
1029 1243 1135 1328 priore

101 1364 221 1428 genere
243 1346 407 1411 censemus
430 1349 487 1412 IV.
503 1364 536 1413 et
550 1350 600 1413 V:
628 1348 749 1433 reliqua
764 1370 803 1411 ex
820 1345 987 1432 posteriore
1002 1367 1132 1431 genere.

101 1444 155 1509 De
169 1446 352 1532 eloquentia
366 1461 399 1512 et
421 1449 617 1513 orationibus
637 1449 807 1533 Iphicratis
822 1446 969 1533 quaedam
985 1446 1134 1510 dixenmt

103 1545 137 1607 P.
152 1544 313 1611 Vitiorius
335 1547 375 1611 ad
395 1548 525 1612 Aristot.
543 1549 638 1613 Rhet.
655 1549 700 1611 ll.
723 1570 756 1634 p.
769 1566 844 1629 402.
859 1561 893 1610 et
905 1549 981 1628 408.
1018 1547 1069 1610 M.
1086 1547 1131 1611 A.

100 1645 251 1710 Muretus
261 1648 338 1717 Var.
351 1649 542 1714 Lettvlll.
555 1668 607 1715 22.
630 1651 661 1714 J.
671 1648 826 1736 Taylorus
837 1646 876 1711 ad
890 1647 988 1733 Lyfiae
1002 1648 1130 1732 Fragm.

100 1766 132 1830 p.
149 1749 231 1832 637:
256 1749 481 1837 inprimisqui
501 1751 560 1815 hos
579 1773 708 1838 quoque
727 1750 836 1815 citavit
856 1751 900 1813 D.
918 1747 1132 1814 Ruhnkeniua

100 1847 133 1910 in
151 1849 231 1911 Hist.
247 1849 328 1913 Crit.
345 1851 472 1915 Orator.
488 1854 547 1915 Gr.
563 1873 595 1937 p.
610 1869 664 1935 57.

146 1950 216 2013 186.
233 1952 268 2013 F.
292 1950 329 2014 α’.
345 1952 501 2037 Ἰφικράτης
519 1954 601 2015 δοκῶν
615 1956 667 2027 υίὸς
682 1952 747 2031 alm
767 1951 982 2036 σκυτοτίμν-]
1008 1952 1057 2014 Ex
1071 1971 1129 2015 eo·

98 2048 171 2112 dem
197 2050 326 2115 auctore
344 2053 429 2116 hanc
451 2053 596 2117 notitiam
621 2053 720 2116 refert
747 2052 902 2138 Ulpianus
926 2054 1073 2116 Enarrat.
1095 2051 1137 2138 in¹

98 2151 265 2215 Demollh.
282 2152 373 2217 Orat.
387 2152 470 2218 Adv.
484 2154 620 2218 Midiam
641 2176 673 2240 p.
683 2155 763 2238 655.
779 2155 828 2218 B:
851 2152 881 2230 ἦν
901 2159 960 2241 γὰρ
976 2154 1129 2240 ὁἸφνκςοί-

96 2277 145 2328 της
165 2255 195 2314 ἐκ
218 2252 338 2316 σκυτέων
357 2254 488 2339 γεγονώς·
512 2254 674 2336 ηὐδοκίμησε
693 2256 720 2316 li
741 2256 785 2316 διὰ
798 2254 898 2331 ταύτην
911 2259 959 2331 τὴν
974 2254 1128 2340 opipara·

96 2353 248 2436 ςματνώτης
266 2351 301 2415 oia
320 2354 341 2438 ’lt
367 2354 530 2439 ναυμαχῶν,
555 2357 681 2431 ἐπήδησεν
702 2356 756 2418 ἀπὸ
777 2360 824 2430 τῆς
842 2359 925 2417 αὐτοῦ
938 2351 1000 2426 veuls
1015 2357 1051 2426 είς
1064 2378 1126 2416 oro·

95 2453 196 2535 λεμίαν
214 2455 318 2540 τμνῆςη,
340 2453 386 2534 καὶ
405 2458 451 2519 τὸν
472 2458 611 2540 ςματηγὸν
629 2465 683 2518 τῶν
700 2455 845 2537 πολεμίων
860 2453 1127 2538 ἐναγκαλισάμενος,

95 2559 232 2634 μετῆλθεν
255 2553 334 2628 αὖθις
357 2555 428 2641 ἔχων
447 2557 528 2618 αὑτὸν
547 2560 582 2630 είς
601 2560 649 2633 τὴν
663 2555 763 2619 οἰκείαν
776 2557 877 2641 τμιίηρη·
902 2556 982 2641 &dul
997 2560 1065 2616 τὲτο
1078 2560 1127 2630 τῆς

95 2655 214 2739 εἐμτςείας
233 2654 390 2734 ἐπαινεθείς,
411 2659 548 2741 ςματηγός
568 2658 765 2742 ἔχεομοτονῆθη·
790 2655 837 2734 καί
852 2661 938 2742 παρὰ
951 2656 1057 2729 πάντας
1076 2655 1127 2730 τίς

94 2756 249 2840 ςςατηγοὺς
270 2756 331 2829 τοὺς
352 2756 414 2819 τότε
435 2756 520 2836 μείζω
545 2760 592 2833 τὴν
616 2757 703 2819 στίλτν
724 2754 871 2837 ὠφέλησεν·
899 2776 995 2841 quem
1017 2754 1127 2821 locum

94 2856 246 2919 mutilum
269 2857 371 2920 dicam
400 2857 507 2943 itaque
530 2856 724 2943 explendum
745 2862 793 2932 τῆς
815 2856 936 2944 &predas
959 2855 1057 2942 ἔτυχεν
1080 2855 1128 2936 καὶ

92 2959 239 3032 ἐπαινεθεὶς
255 2985 302 3045 5?-
323 2962 371 3044 ἐχ.
387 2958 497 3022 citavit
511 2981 584 3022 eum
607 2960 638 3023 J.
655 2947 810 3046 Taylonis
825 2958 864 3022 ad
880 2958 979 3044 Lysrae
996 2962 1124 3044 Fragm.

92 3082 126 3146 p.
140 3064 215 3145 637.
232 3085 290 3125 nec
306 3061 401 3148 hujus
416 3061 478 3125 loci
495 3061 676 3126 Plutarchei
691 3061 810 3126 oblitus
824 3060 877 3124 est.
904 3062 1020 3124 Venet.
1036 3060 1124 3125 voss.

90 3165 128 3226 Τ.
145 3164 187 3228 V.
211 3166 245 3227 P.
269 3184 326 3248 pro
348 3162 523 3249 τραυματίαν
547 3161 625 3225 dant
643 3161 828 3248 τραυματίας,
856 3161 948 3224 Harl.
974 3159 1124 3245 τρασμίνος

91 3267 212 3346 vitiose,
229 3282 266 3330 ut
286 3281 438 3352 appareat
457 3254 564 3330 tamen
579 3267 785 3352 depravatum
801 3289 840 3330 ex
858 3264 1033 3351 τετρυμένος,
1048 3265 1123 3330 cul-

90 3382 214 3431 neratus
235 3368 339 3431 reddit
359 3369 491 3454 Regius,
506 3371 680 3456 Amyotus‚
695 3383 728 3433 et
749 3369 836 3432 hunc
857 3368 989 3453 sequens
1013 3371 1122 3434 Ricar-

90 3468 163 3533 dus.
203 3468 300 3533 Haud
314 3468 378 3533 scio
392 3491 431 3532 an
447 3469 478 3532 in
498 3469 627 3554 Ulpiani
641 3470 743 3533 verbis
761 3467 915 3533 indicium
932 3469 968 3532 lit
981 3481 1122 3535 veterem

88 3569 260 3636 lectionem
276 3570 364 3635 fuilse
378 3571 528 3658 ςρατιώτης
542 3569 588 3634 ὤν.

131 3695 165 3759 p.
184 3674 255 3757 187.
271 3673 314 3737 A.
337 3671 377 3752 β’.
400 3676 464 3735 Οὐκ
478 3671 510 3735 ἂν
525 3672 746 3757 στροσεδίκησα.]
771 3674 886 3737 Totam
908 3672 992 3737 hanc
1011 3695 1121 3738 narra·

89 3773 211 3838 tionem
238 3775 278 3839 ad
303 3777 433 3839 verbum
462 3773 619 3860 descriplit
644 3776 790 3838 Stobaeus
814 3773 965 3862 Florileg.
989 3776 1064 3839 Lll.
1087 3797 1121 3861 p.

87 3879 164 3961 365.
200 3876 273 3942 Alii⁴
288 3876 356 3940 aliis
381 3876 528 3940 tribuunt
551 3875 614 3940 hoc
636 3875 779 3939 dietum:
804 3875 944 3962 Scipioni
967 3876 1122 3941 Africano

86 3977 233 4042 Valerius
254 3978 416 4041 Maximus
432 3979 510 4041 Vll.
527 3997 566 4044 2:
592 3976 687 4064 Scipio
702 3999 771 4039 vero
785 3975 951 4062 Africanus
971 3990 1056 4062 turpe
1069 3979 1122 4064 effe

87 4079 189 4143 aiebat
204 4080 235 4142 in
247 4103 279 4141 re
290 4079 417 4141 militari
431 4080 535 4156 dicere,
552 4078 620 4143 Non
633 4092 784 4164 putaram.
822 4078 920 4143 Fabio
935 4081 1055 4142 Seneca
1069 4079 1122 4144 De

87 4183 138 4244 lra
154 4184 198 4245 ll.
214 4201 252 4266 31
269 4206 276 4245 :
304 4179 511 4267 Turpifflmam
530 4181 632 4243 aiebat
649 4179 761 4242 Fabius
775 4178 944 4267 imperatori
958 4180 1119 4267 excusatio·

84 4307 148 4347 nem
165 4284 228 4372 effi,
246 4282 313 4348 Non
324 4281 448 4370 putavi.
488 4281 564 4346 Sine
577 4280 767 4347 audloritatc
786 4294 824 4347 ut
844 4280 986 4347 universe
1004 4303 1118 4350 caven·-

553 4378 648 4466 4¹3
