2692 4770
325 295 526 358 APOPIITH.
543 297 630 357 ΒΕΘ.
643 297 696 356 ΕΤ
707 297 803 357 DUC.
822 304 927 374 pm.
937 295 974 368 A.
1089 301 1166 369 107⁹

138 459 165 495 “
179 453 292 542 ypriprn
322 458 462 545 γόγγρους
491 457 620 536 ἕψοντα’”
648 462 767 547 κᾴκὸιος
789 462 818 524 οὐ
842 458 963 542 φαύλοις,
989 454 1033 525 Σὺ
1059 454 1080 520 δ’
1104 453 1163 538 olo,

140 561 165 594 “
181 557 271 638 ἴφησι,
287 560 332 622 τὸν
349 558 547 645 ’Λγαμέμνοια
566 564 628 635 τὰς,
637 562 755 649 πράξεις
769 559 868 637 ierim
886 560 1053 646 ἐργάσαιθσς
1065 573 1161 623 wahe·

138 663 163 697 “
175 668 386 746 rpeypcrrrirru
406 661 448 735 ri,
472 666 498 725 iv
518 669 559 747 τῷ
580 662 736 750 ςςατοπέδφ
757 663 870 749 γίγίροι
890 663 977 739 Idri?
1014 659 1106 727 Idem
1123 680 1164 725 ex

138 762 345 848 Hegesandro
364 763 474 829 iisdem
495 765 561 830 fere
579 765 680 832 verbis
698 767 795 832 refert
814 765 993 831 Athenaeus
1009 765 1105 830 VIII.
1127 784 1162 850 p.

136 882 212 948 340.
232 868 267 929 F.
303 866 506 953 Antigonum
528 866 614 932 bunc
635 867 810 954 Antagorae
832 866 1013 944 studiosum,
1034 887 1100 931 non
1119 864 1161 931 it·

135 962 202 1028 lum
216 967 343 1052 primum
358 966 450 1054 cujus
472 966 504 1030 in
527 967 589 1033 hoc
607 967 711 1054 capite
725 967 996 1054 apophthegmata
1016 964 1161 1053 produn·

136 1078 201 1145 tur,
215 1067 268 1132 sed
280 1067 350 1154 ejus
369 1091 408 1133 ex
421 1068 587 1134 Demetrio
603 1069 667 1133 filio
681 1081 845 1156 nepotem,
867 1067 1071 1154 Antigonum
1090 1067 1161 1133 Go-

135 1181 255 1247 natam,
280 1169 368 1233 luill'e
389 1169 554 1234 contendit
575 1172 644 1235 lac.
668 1169 851 1235 Perizonius
874 1168 915 1236 ad
940 1167 1061 1236 AElimi
1083 1168 1160 1235 Ver.

135 1269 216 1332 Hist.
233 1273 326 1336 XIV.
342 1276 394 1337 26.
410 1274 496 1359 quod
512 1273 556 1337 ihi
578 1272 771 1339 Arcesilaum
787 1274 970 1358 Antagoraa
983 1270 1160 1339 maledicti·

133 1369 272 1454 petiviIIe
295 1372 430 1437 dicatur.
473 1374 575 1459 Atqui
597 1373 769 1438 secundum
785 1386 976 1459 ⁴temporum
1002 1371 1160 1438 rationem
1224 1366 1226 1371 ’

133 1470 241 1556 potuit
260 1489 293 1536 et
315 1476 496 1561 Antagoras
518 1487 552 1538 et
565 1473 741 1538 Arcesilaus
762 1487 898 1560 utruque
916 1473 972 1537 sub
989 1472 1159 1560 Antigono

132 1571 286 1650 tioruiffe3
310 1575 459 1660 fiquidem
480 1575 564 1639 inter
585 1573 679 1660 primi
691 1573 818 1640 obitum
832 1587 866 1638 et
880 1576 1016 1639 Gonatae
1031 1571 1159 1640 initium

132 1674 299 1758 regnandi,
313 1690 398 1739 certe
412 1675 598 1761 imperandi,
615 1697 678 1740 non
701 1674 755 1739 nih
774 1674 884 1740 decem
901 1674 977 1739 anni
990 1673 1159 1741 intersunt.

132 1774 199 1839 Sed
224 1797 282 1861 pro
308 1776 475 1864 Antigono
497 1779 625 1841 Gonata
644 1778 686 1841 est
707 1778 899 1863 Anonymus
921 1776 1053 1862 scriptor
1073 1776 1159 1849 Vita

131 1874 225 1939 Arati
247 1875 279 1939 in
301 1875 443 1940 editione
460 1876 651 1940 Callimachi
671 1875 850 1948 Ernelliana
871 1897 903 1961 p.
917 1889 993 1960 590.
1015 1875 1088 1940 -ιῦ
1106 1877 1157 1961 yt-

130 1999 203 2052 ιιτας
219 1981 284 2051 ταῖς
299 1978 450 2062 Δημήτριος
465 1982 477 2039 l
491 1980 679 2064 πολιορκητὴς,
694 1976 839 2063 Δημητρῖε
853 1979 880 2040 δὲ
893 1975 1055 2062 Ἀντίλογος
1068 1982 1081 2040 l
1095 1982 1158 2053 Γᾳ·

130 2078 221 2153 λίποις
243 2079 319 2165 (leg.
334 2079 490 2164 Ἀντίγονος
508 2085 521 2142 ὁ
540 2079 675 2160 Γοιᾶτας)
697 2082 768 2165 παρ’
783 2075 806 2164 ᾧ
823 2075 950 2165 διέτριὸιι
963 2079 1054 2156 αὐτὸς,
1069 2078 1091 2164 ‘li
1106 2079 1157 2143 σὺν

129 2183 205 2264 αὐτῷ
220 2182 342 2266 Περσεὺς
358 2186 370 2243 l
384 2180 507 2254 Στωϊκὸς
522 2179 569 2259 κα)
586 2179 759 2264 Ἀνταγόρας
773 2184 787 2241 ὅ
807 2177 903 2253 Ῥόδιος
925 2184 938 2242 ὁ
958 2183 1005 2257 τὴν
1025 2178 1157 2258 &nialla

129 2283 264 2362 ποιήσας,
283 2281 329 2362 nol
345 2282 528 2368 Ἀλέξανδρος
548 2283 752 2357 ὖΑἰτωλόςω.
789 2281 898 2369 Hujus
912 2281 1082 2348 Thebaidis
1096 2283 1158 2350 all!

128 2385 226 2448 exstat
246 2383 367 2449 mentio
386 2384 419 2448 in
444 2384 602 2469 scriptoris
624 2383 753 2449 alteriue
775 2383 939 2470 cujusdam
962 2407 1025 2448 non
1049 2385 1156 2451 nomi·

129 2486 196 2550 nati
218 2486 374 2551 historiola
397 2487 590 2574 pervenusta,
610 2509 706 2573 quam
732 2487 860 2550 servavit
881 2487 915 2551 S.
937 2486 1100 2553 Maximus
1121 2488 1175 2559 in·

128 2588 304 2652 Sententiis
318 2589 357 2653 T.
373 2589 416 2651 II.
432 2609 464 2673 p.
476 2589 551 2671 580.
566 2588 644 2652 edit.
661 2587 914 2652 Combefisranaer
938 2609 970 2673 p.
986 2607 1060 2673 934.
1075 2589 1156 2657 edit.

127 2689 219 2752 Stob.
232 2687 380 2753 Wechel.
395 2688 568 2775 Ἀνταγόρας
583 2687 636 2751 ἐπεὶ
650 2687 816 2772 ἀνεγίνωσκε
829 2692 906 2772 παρὰ
920 2690 1093 2764 Βοιωτοῖς.τὸ
1108 2695 1157 2770 τῆς

26 2839 29 2843 .
127 2788 266 2867 flagello,
278 2789 470 2875 σύγγραμμα,
490 2818 511 2876 h
534 2788 613 2864 οὐδεὶς
630 2788 829 2874 ὑπεσημῇνατο,
850 2789 963 2865 κλείσας
981 2793 1013 2855 ri
1034 2789 1156 2874 Attin,

125 2891 259 2969 Δικαίιις,
280 2892 347 2970 εἷπε,
368 2899 489 2957 uchri&
509 2893 632 2956 Baimoi·
656 2896 727 2972 βοῶν
741 2898 798 2979 γὰρ
812 2889 872 2954 dra
887 2891 969 2976 ἷχιΊι.
1004 2892 1154 2982 Anlago·

126 3012 192 3058 ram
207 3012 281 3055 curn
296 2995 410 3072 Arato,
426 2994 651 3080 Lycophrone‚
673 3009 707 3057 et
726 2992 932 3071 Menedemo,
949 2994 1081 3061 Eretriae
1096 2995 1153 3061 de·

123 3093 200 3180 gille
222 3109 328 3159 narrat
349 3095 512 3182 Diogenes
534 3098 642 3161 Laert.
664 3096 709 3159 ΙΙ.
729 3114 809 3181 133:
833 3095 963 3181 ejusque
982 3095 1152 3182 Epigrame

125 3209 214 3258 mata
237 3193 304 3257 duo
325 3197 458 3281 apponit
480 3199 539 3261 IV.
558 3215 611 3262 21.
634 3210 668 3260 et
690 3201 748 3262 26:
772 3195 986 3282 eumdemque
1007 3197 1153 3265 nominat
1291 3228 1293 3232 ⁴

123 3295 289 3382 Meleager
303 3297 386 3361 inter
400 3303 527 3369 Poetae.
545 3321 583 3362 ex
601 3299 716 3384 quibua
739 3299 829 3362 flores
852 3297 989 3363 Coronae
1005 3299 1067 3363 suae
1083 3300 1152 3365 col·

122 3397 249 3485 legerit.
287 3398 361 3463 Alia
380 3399 544 3464 videantur
565 3400 605 3464 de
628 3399 690 3465 hoc
713 3401 809 3465 Poeta
827 3398 911 3487 apud
932 3401 972 3465 t.
987 3401 1151 3469 Hemster·

122 3499 246 3569 husrum
261 3500 284 3563 l.
297 3521 327 3564 c.
344 3500 492 3565 editionis
508 3501 746 3567 Callimacheae.

163 3642 196 3706 p.
211 3621 282 3706 183.
298 3619 342 3683 A.
365 3618 408 3696 ιη’.
422 3617 499 3683 ’Fari
513 3621 539 3682 δὲ
554 3619 617 3706 ὄναρ
632 3620 744 3706 ruff]
770 3621 878 3708 Magis
893 3621 934 3686 ad
947 3623 1151 3694 Demetrium

120 3743 217 3807 quarn
239 3720 279 3785 ad
301 3720 505 3809 Antigonum
526 3721 633 3785 referri
654 3721 802 3786 debebat.
839 3725 990 3788 Surntum
1012 3747 1052 3791 ex
1071 3726 1151 3801 Vita

119 3823 279 3887 Demetrii
293 3844 325 3908 p.
339 3826 414 3909 890.
431 3821 471 3886 C.
487 3823 543 3886 ubi
556 3822 642 3910 quod
656 3823 773 3887 dicitur
786 3825 958 3913 Μιθριδάτης
973 3826 1150 3916 δἈριιὲαρ.

120 3923 188 4005 {rive
210 3927 294 4001 παῖς,
318 3923 521 4010 reprehendit
540 3925 713 3989 Palmerius
730 3927 866 3989 Exercit.
888 3926 928 3990 ad
949 3928 1007 3992 Gr.
1022 3930 1148 3996 Audo-

118 4044 169 4088 ree
193 4044 226 4109 p.
250 4042 331 4090 212:
363 4038 473 4088 tuetur
498 4025 724 4112 Wellelingiua
747 4025 789 4090 ad
811 4025 946 4095 Diodor.
970 4029 1035 4093 Sic.
1052 4031 1147 4098 XIX.

117 4144 181 4206 40:
210 4125 263 4190 De
281 4123 403 4191 somnio
426 4126 597 4215 Antigoni,
620 4127 695 4214 fuga
719 4127 919 4196 Mithridatia
940 4130 974 4194 in
997 4132 1147 4217 Pontum,

586 4247 673 4314 324
