2692 4770
247 277 733 347 APOPHTH.REG.ETDUO.
752 279 967 362 pocot-n.
1048 283 1126 351 1127

88 445 230 536 inpetum
239 448 349 537 facere
366 451 496 540 pofflrt:
517 448 673 540 respondit,
696 452 722 491 “
736 471 795 515 uon
810 446 866 535 effe
880 444 1016 536 ΜΝ,
1032 453 1061 507 ⁶¹
1074 466 1127 509 Μ’·

90 555 117 591 “
129 567 200 639 pere
212 550 327 640 aliquos
344 552 436 634 velle,
459 566 488 618 et
509 553 645 618 timere?
680 552 756 618 Hoc
777 547 981 616 referendum
1002 543 1064 611 elie
1084 542 1128 611 etl

89 651 299 742 Carthaginis
319 656 597 744 oppugnationem
619 666 754 742 apparet
775 674 815 719 ex
833 647 976 738 Appiani
999 644 1127 713 Punicis

87 755 257 838 CXXIV3
277 758 335 826 ubi
345 773 502 840 narratur,
517 755 796 846 Carthaginienses
810 754 909 822 talem
922 750 1125 840 eruptionem

88 878 147 945 per
172 880 260 926 marc
289 861 438 933 vadosum
466 861 583 945 fecisse,
609 860 822 955 Romanisque
849 856 989 924 multum
1015 853 1126 923 damni

87 960 237 1029 intulisse.
274 965 407 1031 Monuit
429 966 492 1031 hoc
514 966 613 1032 etiam
634 961 940 1051 Schweighauserus
955 958 1001 1024 vir
1015 956 1124 1028 erudi-s

86 1062 232 1146 rithmus,
249 1064 337 1132 hunc
353 1066 464 1133 locum
485 1066 646 1134 Plutarchi
667 1066 700 1132 in
717 1063 892 1154 spicilegio
908 1061 1124 1149 Reliquiarum

88 1166 214 1254 Polybii
226 1167 267 1233 ad
280 1169 401 1235 librum
414 1171 577 1236 XXXIX.
588 1190 756 1258 apponens
770 1169 865 1233 Tom.
875 1166 919 1232 V.
934 1186 968 1250 p.
980 1185 1034 1249 49.
1072 1164 1125 1228 Dc

84 1287 206 1356 genere
226 1268 282 1335 illo
304 1271 484 1337 tabularum
506 1270 604 1341 clavia
629 1269 789 1338 tranafixb
811 1266 1010 1334 munitarum
1032 1263 1123 1329 dixe,

83 1381 165 1435 runt
179 1371 220 1436 ls.
235 1372 444 1440 casaubonus
458 1373 500 1439 ad
515 1375 655 1441 AEneam
668 1371 760 1439 Tae.
774 1392 808 1458 p.
820 1371 897 1457 589.
911 1369 952 1434 T.
965 1367 1027 1432 111.
1043 1365 1123 1433 edit.

83 1469 201 1560 Polyb.
217 1475 339 1541 Ernest.
354 1476 508 1543 etJustus
522 1474 646 1564 Lipsius
662 1472 862 1541 Poliorcetic.
876 1472 920 1538 V.
934 1489 969 1556 3.
1005 1476 1009 1483 '
1116 1502 1120 1509 ¹
1212 1525 1215 1531 .

130 1593 205 1640 200.
219 1577 259 1641 Β.
288 1575 340 1665 ς’.]
371 1578 518 1645 Valerius
546 1581 637 1645 Max.
658 1578 702 1644 V.
724 1597 755 1642 1.
775 1576 814 1640 62
844 1572 991 1662 Africani
1011 1594 1125 1662 qaoque

81 1676 245 1766 posterioris
258 1681 429 1745 humanitas
437 1681 565 1770 speciose
578 1678 695 1769 lateque
706 1679 820 1768 potnit.
844 1678 1034 1765 Expugncta
1048 1675 1125 1740 enim

82 1778 285 1869 Cartbagine,
307 1782 386 1848 circa
402 1782 517 1851 Sicilia
536 1783 673 1848 civitates
691 1781 796 1845 literas
808 1779 885 1866 rnistt
898 1791 933 1844 ut
950 1785 1124 1843 amoniense

83 1883 258 1973 templorum
271 1886 399 1972 suorum
421 1912 442 1949 a
463 1884 565 1951 Ptenis
582 1898 684 1972 repta,
706 1898 760 1972 per
777 1881 889 1970 legatos
907 1892 1123 1969 recuperarent,

83 1984 176 2073 inque
195 1985 327 2073 pristinis
334 1987 461 2075 fidibus
480 1987 646 2075 reponenda
661 1996 813 2051 curarent.
849 1983 958 2048 Livius
972 1981 1124 2069 Epitome

83 2086 159 2152 libri
182 2089 248 2152 Ll:
268 2087 435 2177 spoliorum
447 2089 541 2179 menp'or
555 2103 632 2178 port
647 2087 768 2167 stult,
783 2085 889 2174 quibus
902 2083 1009 2149 ablata
1024 2096 1122 2165 erant,

80 2190 217 2255 reddita.
254 2192 326 2256 Cic.
348 2191 486 2258 Verrina
507 2193 553 2256 ll.
567 2211 630 2277 35:
661 2190 757 2277 Scipio
779 2189 831 2277 qui
851 2189 903 2253 boc
922 2187 1049 2275 dignum
1064 2201 1122 2275 pc·

79 2290 153 2380 pulo
172 2293 301 2358 Romano
323 2292 533 2374 arbitraretur,
557 2292 631 2357 bello
650 2292 789 2382 consetto,
801 2289 895 2379 fhcics
905 2291 970 2378 sua
987 2305 1042 2377 per
1055 2289 1121 2377 niff-

82 2405 162 2456 tram
172 2395 330 2459 vitiorium
344 2411 528 2484 recuperare,
541 2395 650 2460 Siculis
664 2394 809 2472 omnibus,
820 2392 1008 2479 Cartbagine
1018 2404 1122 2480 capta,
1164 2431 1168 2437 -

82 2517 155 2581 quen
167 2497 262 2581 potnit
275 2497 452 2581 restituenda
468 2498 599 2561 curavit.
629 2495 720 2560 Idem
733 2493 870 2561 Verrina
883 2495 943 2560 IV.
955 2513 1011 2582 33·
1036 2493 1120 2560 Dio·

82 2596 183 2661 dorus
205 2598 270 2663 Sic.
286 2601 437 2686 Excerpt.
453 2600 495 2662 T.
512 2599 557 2663 ll.
582 2620 615 2684 p.
631 2614 708 2683 591.

81 2716 83 2721 ⁴
127 2719 201 2766 200.
215 2704 258 2767 A.
283 2701 335 2787 ζ’.]
361 2701 553 2775 Notavimus
567 2702 607 2765 nd
621 2723 655 2788 p.
668 2717 722 2786 97.
736 2698 777 2766 C.

128 2823 203 2869 200.
219 2804 260 2869 C.
282 2804 333 2892 η’.]
369 2803 581 2869 Scribendum
609 2804 755 2885 Πομπηΐου
779 2813 814 2868 et
836 2800 981 2885 Hoprnioe
1006 2813 1044 2867 ut
1067 2800 1120 2867 di·

82 2905 163 2970 serte
182 2906 239 2971 dat
254 2906 444 2971 Harleianus
460 2905 572 2970 codex.
609 2906 661 2969 Est
682 2903 735 2969 hic
750 2905 793 2991 Q.
810 2902 979 2990 Pompeius
993 2905 1120 2993 Nepos,

82 3007 161 3071 Auli
177 3008 259 3072 lilius
273 3008 534 3096 cognominatus,
549 3005 636 3094 quod
652 3020 742 3092 patre
762 3004 893 3071 tibicine
911 3007 1041 3094 genitus
1055 3026 1118 3092 pu·

81 3121 215 3174 teretur.
253 3110 341 3174 Hinc
364 3108 611 3196 intelligendum
634 3130 770 3175 acumen
792 3111 913 3186 αὐλητὴν
930 3106 1119 3192 ἂναμένονῃς,
1194 3187 1198 3202 .

81 3211 228 3277 tibicinem
242 3215 446 3300 crespettcntcs.
481 3214 589 3298 anue
603 3210 715 3275 fraude
729 3210 865 3275 Laelium
878 3232 898 3273 a
912 3210 944 3275 se
956 3209 1117 3275 abaliena-

81 3314 151 3379 vitt
175 3337 241 3401 quo
255 3314 395 3399 pertinet
409 3312 478 3401 ejus
494 3312 633 3377 narratio
646 3311 732 3399 apud
749 3312 941 3377 Ciceronem
961 3311 994 3375 in
1016 3311 1118 3378 Laelio

81 3418 186 3484 XXI:
218 3415 272 3481 At
294 3415 426 3480 amicitia
450 3415 490 3502 Q.
507 3415 649 3502 Pompeii,
670 3439 731 3479 mec
751 3415 866 3478 nomine
880 3415 1119 3502 sermonumt,

81 3532 118 3584 ut
135 3519 233 3606 sciris,
258 3517 365 3605 Scipio.
403 3517 524 3583 consul
552 3517 615 3582 fuit
638 3519 682 3582 A.
705 3518 750 3582 U.
771 3516 921 3596 Dcx11;
952 3515 1117 3605 adquam

81 3645 203 3685 annum
224 3620 370 3685 videatur
390 3618 431 3684 de
456 3641 496 3685 eo
521 3618 652 3707 Pighius
674 3619 792 3685 Annal.
816 3618 996 3706 Magistrat.
1021 3620 1117 3688 Rom.

81 3723 121 3787 T.
146 3725 190 3786 11.
214 3745 247 3809 p.
260 3724 336 3805 482.
372 3711 516 3788 Velleius
542 3721 726 3786 Paterculus
749 3722 794 3786 ll.
818 3741 847 3785 1.
864 3741 917 3788 21.
931 3741 987 3808 90.
1007 3721 1118 3809 ibique

82 3825 283 3911 interpretes.
316 3825 466 3890 Ernestus
487 3823 577 3889 Clav.
602 3823 674 3888 Cic.
697 3845 731 3911 p.
749 3843 822 3910 239.
842 3845 1009 3910 perperam
1027 3824 1117 3892 bunc

81 3926 273 4014 postponens
288 3927 441 4014 Pompeio
455 3925 628 4015 Bithynico
648 3925 753 3990 multo
766 3924 889 4013 juniori
902 3941 936 3992 et
950 3926 1116 3994 Ciceronis

81 4027 209 4114 aequali,
236 4041 271 4091 et
296 4026 373 4093 huic
402 4028 614 4094 Consulatum
643 4027 799 4114 affigrrans
827 4027 871 4094 Α.
897 4030 943 4094 U.
969 4029 1117 4098 DCXII.

81 4152 184 4220 quum
199 4128 314 4194 Cicero
328 4129 459 4195 demum
474 4132 518 4196 A.
528 4132 573 4196 U.
583 4130 770 4196 DCXLVl.
787 4147 881 4197 natus
897 4133 944 4198 stt.

85 4276 88 4281 -
124 4251 200 4300 200.
219 4231 260 4315 C,
275 4232 320 4298 D.
346 4231 388 4295 θ’.
403 4232 447 4320 t'·]
472 4234 526 4300 De
547 4232 608 4298 hac
627 4234 661 4297 in
681 4233 896 4324 competendo
910 4235 1117 4306 aemulatione

569 4354 665 4419 sec
