2692 4770
288 311 489 373 ssorum.
503 313 593 373 nso.
607 312 659 372 11
672 313 766 374 nuc.
787 315 933 390 p.180.E,
941 314 972 373 r.
1069 320 1142 385 1071

123 484 195 561 'equo
204 474 374 563 suspensum
392 475 538 564 paulatim
560 475 753 564 obtorpniffet,
776 484 889 541 contine
907 472 1049 562 obsistere,
1074 474 1146 540 Om-
1284 471 1287 477 ’

122 598 185 655 nes,
199 575 307 661 inquit,
319 577 431 666 jurant
444 601 489 641 me
500 577 586 642 Jovis
600 578 653 664 ff
662 576 781 664 filium,
791 577 852 666 sed
865 576 976 641 vulnus
989 578 1042 641 boc
1054 575 1147 640 bonsi-

123 700 189 740 nenr
211 676 266 763 ff
287 702 331 741 me
350 675 472 743 clamat.
508 678 574 744 Dio
595 678 709 766 Chrys.
729 678 786 743 Or.
808 680 928 744 LXIV.
953 701 985 766 p.
1000 678 1076 763 598.
1092 679 1147 742 Ar

122 779 234 861 τρωθεὶς
254 786 332 864 γοῦν,
353 781 425 865 πρὸς
445 781 507 853 τοὺς
528 779 622 863 piiss,
640 783 737 844 Ἀλλὰ
759 779 842 844 τοῦτο’
859 805 895 865 γε
916 784 965 844 οὐκ
987 760 1059 869 &rip
1080 782 1148 859 iris,

123 879 182 960 ipa,
202 882 234 944 ri
250 879 318 966 ῥέον,
339 885 418 944 ἀλλὰ
439 879 512 962 alpa
526 880 665 958 ἀληθινόν.
702 881 749 946 At
770 882 821 945 Μ.
841 883 962 947 Seneca
979 880 1104 947 Suasor.
1119 881 1148 947 Ι.

123 1001 156 1065 p.
170 995 204 1063 5.
223 1002 242 1044 a
259 980 450 1046 Callisthene
467 981 602 1062 dierum,
617 1004 714 1068 quem
730 993 897 1069 propterea
910 983 951 1048 ab
965 979 1149 1047 Alexandro

123 1078 349 1146 interemtum:
382 1083 455 1146 Cum
477 1083 561 1146 Dens
583 1082 676 1147 vellet
696 1083 805 1163 videri,
826 1095 855 1147 ct
875 1083 1050 1148 vulneratur
1071 1083 1150 1168 effct,

121 1181 185 1245 vio
196 1182 349 1271 sanguine
369 1184 444 1271 ejus,
464 1183 647 1272 philipopl’us
669 1184 774 1248 mirari
785 1185 824 1271 se
843 1185 973 1262 dixerat,
995 1184 1074 1271 quod
1093 1206 1151 1247 nort

122 1283 188 1368 effi!
204 1281 274 1370 ἰχὼρ
287 1285 338 1360 οἶος
351 1284 401 1373 rip
415 1311 446 1349 rt
459 1286 509 1372 ῥέα
522 1286 683 1369 μακάρεσσι
695 1290 793 1350 θεοῖσι.
831 1285 890 1350 Ille
899 1287 938 1371 sc
958 1284 997 1348 ab
1019 1286 1075 1348 boc
1095 1306 1150 1348 ur·

123 1384 255 1449 bonitate
267 1385 371 1450 lancea
384 1387 567 1452 vindicavit.
605 1387 731 1454 Ultima
751 1402 788 1452 ut
805 1409 825 1453 a
838 1387 965 1452 rhetore
980 1384 1152 1473 improprio

122 1484 225 1551 distm
250 1488 353 1575 magis
376 1504 562 1576 congruunt
587 1489 619 1553 in
646 1489 736 1568 Cliti,
763 1511 859 1577 quam
883 1488 915 1552 in
938 1485 1151 1566 Callisthenis,

124 1586 255 1652 caedem.
291 1588 366 1653 Alis
385 1589 484 1654 etiam
507 1588 596 1655 dedit
609 1589 783 1678 Menagius
796 1589 837 1656 ad
850 1589 952 1677 Diog.
966 1590 1074 1654 Laert.
1091 1588 1151 1652 IX.

169 1791 240 1855 180.
256 1792 296 1856 E.
325 1789 377 1874 ιζ’.
400 1790 616 1880 mnesigiton]
649 1792 759 1860 Rarior
776 1813 847 1872 vox,
865 1791 957 1880 cujus
979 1814 1043 1857 non
1065 1789 1152 1856 alind

123 1891 305 1978 exemplum
320 1892 352 1957 in
367 1892 480 1979 steph.
495 1894 589 1957 Thes.
604 1894 769 1981 proditur:
787 1892 973 1980 accipienda
985 1915 1049 1957 non
1061 1889 1151 1977 vesti·

124 2005 170 2057 tut
183 1992 259 2078 veste
274 1991 342 2057 albo
362 1992 449 2057 limbo
466 2005 630 2082 pretextu,
641 1995 702 2080 scd
718 1993 790 2058 albo
804 1992 881 2080 veste
894 1993 1027 2073 indutus,
1041 2014 1080 2058 ex
1094 1992 1154 2058 usu

124 2092 346 2180 frequentioris
360 2093 446 2158 vocis
459 2094 620 2182 εὐπάρυφος,
636 2093 706 2159 bene
723 2093 856 2182 vestitus,
876 2094 917 2160 de
931 2116 996 2183 qus
1013 2093 1153 2159 diximus

123 2216 156 2281 p.
170 2210 226 2280 57.
240 2196 285 2261 A.
319 2195 492 2282 Antipater
513 2194 545 2260 in
569 2195 654 2262 viti-u
672 2211 706 2261 et
728 2196 838 2262 vestitu
853 2196 1070 2284 inrgnlitatem
1085 2194 1153 2283 pri·

123 2296 186 2360 vati
209 2309 244 2365 et
270 2297 405 2383 speciem
427 2296 655 2385 moderationis
677 2297 866 2364 sffettabat:
894 2299 941 2364 its
957 2297 1027 2386 ejus
1048 2318 1154 2366 mores

125 2395 245 2460 notavit
260 2394 446 2460 Plutarchus
460 2394 492 2459 in
510 2394 670 2460 Phocione
686 2418 719 2482 p.
732 2411 806 2481 754.
819 2397 859 2463 E.

169 2496 241 2560 180.
254 2499 293 2561 E.
317 2495 361 2575 ιη’.
379 2495 499 2583 ἑχᾶραν]
514 2494 652 2582 foculum
671 2495 868 2583 gestabilem,
892 2494 1065 2561 mobilem:
1088 2493 1153 2560 hu·

118 2596 173 2684 jus
195 2611 263 2663 erat
283 2597 421 2665 diversus
436 2597 510 2669 usus
531 2596 580 2661 vel
601 2596 643 2662 ad
665 2596 851 2679 saqrificium
873 2595 1031 2665 adolendo
1053 2595 1154 2677 thuri,

124 2698 236 2765 velud
257 2699 405 2767 conclave
426 2697 676 2764 calefaciendum
702 2697 794 2784 pofiti
815 2697 847 2762 in
867 2697 954 2784 foco,
978 2699 1005 2761 is
1025 2702 1059 2784 τῇ
1080 2695 1153 2784 trip·

124 2814 192 2866 erat
205 2800 302 2866 etiam
317 2801 390 2866 usus
405 2800 437 2864 in
452 2799 570 2864 culina.
608 2800 659 2864 De
674 2798 803 2886 fingnlis
823 2811 916 2864 notat
937 2798 1048 2865 Pollux
1061 2818 1153 2864 com·

125 2899 270 2987 pluribus
283 2899 381 2966 locis:
405 2900 445 2965 de
460 2899 552 2964 sacris
567 2900 801 2985 Harpocration
815 2898 849 2963 in
864 2920 959 2965 voce:
982 2898 1027 2964 ibi
1041 2898 1154 2964 Maus·

124 3003 214 3067 sacus
234 3016 268 3067 et
291 3001 333 3066 ad
354 3025 429 3066 eum
450 3001 592 3065 Valefius
613 3023 646 3086 p.
668 3016 740 3085 115.
779 2999 966 3069 Plutarchus
987 3000 1155 3087 aliquoties

125 3104 240 3169 habet:
272 3103 370 3167 veluti
393 3102 508 3192 Gryllo
529 3125 563 3190 p.
579 3103 653 3189 988.
671 3103 709 3165 B.
733 3100 774 3166 ad
802 3099 945 3190 Ulyffem
967 3102 1105 3167 dicitur:
1138 3109 1155 3181 ἡ

123 3210 203 3291 γυνὴ,
219 3213 269 3270 σοῦ
285 3211 472 3288 menpiscus,
492 3203 559 3267 oinos
574 3204 694 3283 κάθητη
707 3205 771 3290 πρὸς
785 3204 893 3290 ὖχᾶμν
907 3203 1049 3292 usgif-m
1088 3203 1154 3268 Ca·

124 3322 192 3375 ton.
216 3306 298 3393 Maj.
323 3327 356 3392 p.
374 3321 447 3391 337.
464 3307 517 3370 Dr
542 3304 582 3370 de
605 3306 656 3369 M.
673 3304 786 3384 Curio,
804 3307 869 3392 πρὸς
891 3306 985 3392 ὄχάρᾳ
1003 3306 1156 3389 καθῆμνον

125 3412 205 3473 αὐτὸν
219 3409 323 3485 ἕψοντα
336 3407 500 3492 paysius..
514 3407 641 3494 εὑρόντες.
672 3408 710 3470 In
725 3428 758 3471 re
773 3407 857 3471 sacra
871 3406 1002 3493 ponitur
1016 3408 1067 3471 De
1082 3405 1155 3472 lfid.

124 3525 158 3576 et
171 3512 249 3578 Ofir.
265 3531 299 3597 p.
309 3526 386 3596 355.
400 3509 443 3573 Α.
460 3522 496 3572 ut
511 3507 620 3593 ἓχαρῖς,
635 3507 703 3572 vit.
719 3528 752 3594 p.
770 3509 842 3572 106.
855 3510 892 3573 B.
914 3523 990 3593 553.
1005 3507 1048 3573 A.
1077 3509 1155 3574 Por·

125 3611 258 3699 phyrius
273 3609 313 3676 de
327 3610 432 3675 Antro
445 3608 592 3695 Nymph.
609 3608 641 3695 ξ.
656 3610 688 3673 6.
716 3606 856 3695 Polyaen.
874 3609 933 3672 lV.
949 3608 980 3672 8.
996 3626 1028 3675 2.
1124 3628 1126 3632 “

171 3714 242 3778 180.
259 3715 294 3778 F.
318 3711 370 3796 κ’.]
397 3710 510 3774 Boium
532 3709 696 3774 tibicinem
720 3707 903 3774 Alexandro
916 3724 1045 3796 gratum
1066 3710 1156 3778 novi·

125 3836 199 3879 mus
213 3837 251 3879 ex
265 3813 344 3880 Vita
358 3811 511 3877 Eumenis
523 3831 556 3896 p.
562 3812 638 3895 583.
648 3812 700 3875 Dr
724 3809 874 3897 idemque
889 3810 1013 3877 videtur
1027 3814 1086 3879 else
1100 3813 1157 3900 qui

126 3928 324 3980 memoratur
349 3911 511 3977 Atheneo
542 3913 620 3975 XII.
648 3933 682 3998 p.
709 3913 786 3996 538.
812 3913 848 3975 F.
892 3910 968 3977 Alia
995 3913 1090 3979 etiam
1116 3914 1157 3981 de

126 4016 230 4082 cauffa
259 4012 440 4079 Alexander
465 4013 564 4078 iratus
595 4011 767 4077 Callandro
794 4010 827 4076 in
851 4034 926 4077 eum
955 4013 1100 4080 involaffe
1122 4029 1158 4082 et

127 4118 255 4182 verbera
269 4112 434 4180 contulisse
449 4128 594 4178 narratur
610 4112 781 4179 Plutarcho
795 4112 827 4177 in
841 4113 920 4178 Vita
931 4136 966 4201 p.
978 4130 1051 4201 705.
1064 4119 1100 4184 F.

174 4219 246 4282 180.
256 4219 290 4280 F.
307 4213 378 4301 κα’.]
398 4215 489 4281 Idem
504 4214 624 4280 rasum
636 4227 781 4280 narratur
795 4212 829 4280 in
838 4214 916 4282 Vita
929 4214 1026 4289 Alex.
1038 4237 1073 4306 p.
1081 4218 1158 4307 689.
