2692 4770
241 357 318 409 1030
380 348 419 408 D.
428 351 479 407 W.
499 350 708 415 ANIMADV.
728 350 776 409 m
795 345 1027 410 PLUTARCHI
1050 347 1124 408 tm.

234 510 405 597 conjuntta
423 513 484 578 ell'e
506 513 649 593 numina,
671 513 833 579 neminem
857 512 953 599 fugit.
989 510 1057 575 lllis
1077 508 1177 574 etism
1201 505 1268 571 sus·

235 612 343 700 pendii
367 613 427 677 elle
450 606 724 693 communionem,
751 613 936 700 quibusdam
962 609 1086 676 indiciis
1108 607 1268 695 fignifica-

236 726 308 778 tur:
332 714 431 779 veluti
445 716 532 801 quod
548 732 652 782 narrat
666 718 882 783 Callimachus
896 714 982 803 apud
997 711 1200 779 Eustathium
1216 711 1269 773 O-

236 813 319 901 dyts.
331 817 382 880 M.
398 838 430 902 p.
445 835 546 903 1714:
570 818 616 898 stol
630 818 825 906 Καλλίμαχος
840 816 884 881 οὖν
902 822 929 880 ir
945 814 1121 898 ὑπομνήμασι
1134 809 1268 895 νὴνἈρ·

235 942 313 997 rapo
327 922 513 996 ἓπιξενωθῆνας
525 922 603 1000 φησὶν
615 919 728 1006 Ἐφέσῳ
741 926 788 1005 υἱῷ
809 917 939 1005 Καΰςρυ,
959 914 1204 998 ἐκὸαλλομὲνηνδῖ
1219 914 1269 975 riri

234 1023 282 1092 τῆς
295 1025 435 1102 γυναικὸς,
454 1023 486 1085 τὸ
506 1023 556 1102 μὲν
570 1031 683 1110 πρῶτον
696 1020 864 1104 paratas&
878 1024 962 1098 adria
977 1024 1013 1094 εἰς
1029 1018 1111 1096 κύνα,
1126 1014 1173 1078 sir'
1189 1013 1270 1088 αὖθις

235 1121 390 1196 iniceret
410 1126 624 1202 ἀποκαταςῆσνς
642 1128 678 1197 εἰς
695 1121 844 1209 ἄνθρωπον·
867 1122 889 1207 νζ
912 1124 995 1198 αὐτὴν
1016 1120 1066 1202 μὶν
1087 1121 1270 1202 clxvi-isim

235 1222 278 1283 ἐπὶ
292 1227 332 1305 τῷ
344 1221 541 1304 superinniti,
556 1226 743 1309 ἄπᾶγξαθας·
766 1227 813 1301 τὴν
827 1224 854 1287 li
874 1223 936 1286 θεὸν
953 1226 1119 1309 areptitium
1139 1223 1211 1305 αὐτῇ
1223 1220 1270 1282 τὸν

235 1327 327 1387 οἰκεῖον
342 1324 456 1406 κόσμον,
469 1326 591 1405 Ἑκάτην
606 1327 748 1409 ὀνομάσας.
778 1328 821 1390 Et
834 1323 1006 1411 conjuncta
1020 1323 1062 1388 est
1077 1321 1182 1386 cauffa
1198 1319 1270 1386 cul·

108 1451 112 1458 ·
235 1437 277 1488 tae
291 1425 376 1512 apud
391 1426 533 1491 Arcades
545 1427 703 1515 Ἀρτέμιδος
717 1424 918 1512 &cummim
933 1425 973 1489 de
983 1446 1048 1511 qua
1061 1422 1169 1510 prodit
1185 1423 1269 1487 Pau·

235 1514 456 1599 sanias'VIlI.
479 1546 530 1612 23.
555 1542 589 1592 et
614 1528 833 1593 Callimachus
858 1548 911 1611 ap.
941 1525 1144 1590 Clementem
1170 1523 1268 1592 Alex.

237 1629 396 1713 Protrept.
412 1650 445 1714 p.
459 1647 512 1710 24.
524 1628 553 1694 C
566 1654 574 1693 t
592 1628 724 1714 Ἄρτεμιν
738 1632 765 1692 δὲ
779 1629 924 1716 Ἀρκάδες,
937 1625 1157 1714 Ἀπαγχομίνην
1170 1641 1268 1690 καλοκ-

234 1729 326 1813 pianr,
342 1731 554 1819 προτρέποντος,
570 1729 605 1806 ὥς
618 1750 683 1810 φησι
698 1730 904 1816 Καλλίμαχος.
933 1729 1097 1793 Caeterum
1112 1726 1211 1792 dictio
1225 1727 1269 1792 est

235 1832 387 1918 exquisita
399 1832 575 1921 eademque
591 1833 736 1921 Euripidi
750 1832 893 1898 adhibita
908 1830 1055 1895 Phoenill.
1067 1849 1127 1917 331
1141 1855 1149 1894 ι
1171 1835 1268 1895 -ais-

234 1937 280 2019 tiit
297 1934 348 2015 pir
365 1933 446 2014 ξίφος
458 1935 522 1997 ’Eas‘
537 1934 687 2022 αὐτόχειρά
700 1962 731 1998 τι
747 1938 873 2020 σφαγὰν,
885 1934 972 2020 ‘Tisip
990 1930 1107 2019 τίςεμνα
1124 1933 1150 1993 τ’
1165 1930 1267 2017 ἂγχὸν

236 2062 293 2108 νας.
331 2034 383 2099 Sic
405 2048 439 2099 et
462 2035 552 2102 Philo
572 2036 649 2103 Jud.
671 2037 725 2100 De
746 2036 882 2101 Nomin.
904 2037 1025 2099 Mutat.
1051 2054 1084 2118 p.
1103 2048 1199 2117 1054.
1214 2033 1265 2097 Aa

236 2142 282 2211 τῆς
295 2135 345 2216 μὶν
359 2135 567 2222 φρενοὸλαὸείας
583 2136 626 2200 οὖν
641 2142 690 2200 οὐκ
705 2142 741 2212 εἰς
759 2142 870 2224 μακρὰν
884 2136 971 2200 ’ἔδωκε
985 2140 1033 2214 τὴν
1045 2135 1209 2222 ἇςμίζυσαν
1224 2133 1266 2198 ils

236 2258 294 2314 νην·
318 2239 372 2300 ἀπὸ
385 2241 443 2324 γὰρ
456 2240 557 2325 μικρᾶς
572 2239 594 2323 ᾖ
608 2244 655 2315 τῆς
673 2239 811 2324 τυχούσης
822 2239 990 2325 προφάσεως
1004 2239 1044 2301 is'
1057 2235 1183 2322 ἀγχόνην
1195 2233 1211 2313 ἦ
1230 2261 1267 2300 εν.

235 2336 398 2403 Maximus
415 2340 530 2427 Tyrius
548 2338 627 2403 Diff.
643 2342 769 2405 XXVl.
784 2362 815 2426 9.
837 2363 869 2427 p.
884 2361 965 2427 319:
989 2337 1145 2424 οἰςρέμενας
1166 2339 1193 2401 li
1216 2340 1267 2402 risi

234 2445 271 2502 τῦ
286 2440 380 2519 πάθες
400 2442 465 2527 πρὸς
485 2444 533 2518 τὴν
554 2438 737 2528 ilipa—,iim
757 2443 784 2504 li
804 2447 827 2504 oi
841 2444 965 2526 δυςνχᾶς
981 2441 1023 2502 ἐπὶ
1037 2440 1141 2527 βρόχον
1158 2439 1268 2515 πάντες

164 2566 168 2577 ·
235 2545 306 2619 ἑξῆς.
350 2543 475 2606 Similes
502 2565 575 2607 cum
602 2542 716 2607 eodem
743 2545 852 2609 Verbo
882 2543 1036 2607 formulas
1070 2556 1161 2607 notat
1191 2544 1265 2608 lib.

236 2644 488 2708 Hemlierhuhus
510 2643 550 2707 ad
571 2644 789 2731 Aristophanis
813 2645 895 2709 Plut.
919 2662 993 2729 732.
1027 2643 1176 2730 Ejusdem
1197 2645 1267 2708 for-

235 2767 296 2809 mae
311 2747 353 2808 est
367 2746 454 2831 quod
468 2745 546 2810 dixit
565 2747 751 2811 Plutarchus
767 2749 818 2811 De
834 2747 965 2811 Mulier.
982 2748 1064 2812 Virt.
1083 2769 1117 2833 p.
1131 2765 1204 2833 249.
1219 2748 1266 2812 B:

235 2847 462 2932 mainan-durgis
474 2848 597 2931 ἀγχόνην
613 2851 678 2934 ὁρμὴ
690 2853 835 2935 περιμανὴς
849 2847 972 2912 ininsula.

277 2947 378 3012 Versu
400 2947 445 3011 ll.
474 2948 632 3031 Puerperii
655 2970 783 3034 quoque
806 2948 941 3014 tutelam
964 2949 1060 3012 habet
1084 2948 1199 3027 Diana,
1229 2961 1270 3014 ut

235 3047 380 3111 novimus
402 3069 441 3109 ex
464 3046 633 3111 Plutarcho
655 3071 687 3134 p.
705 3050 778 3129 264.
794 3049 834 3114 C.
858 3051 932 3133 658.
949 3051 986 3112 E.
1006 3062 1039 3112 et
1054 3048 1164 3113 multis
1179 3052 1267 3114 testi·
1322 3118 1326 3125 ,

234 3149 305 3226 bus,
329 3148 458 3233 Orpheo
481 3150 606 3234 Hynm.
623 3151 762 3214 XXXV.
776 3171 809 3231 4.
832 3150 1031 3214 Callimacho
1056 3153 1101 3214 H.
1118 3150 1149 3214 in
1165 3151 1268 3218 Dian.

237 3271 289 3336 23.
312 3251 366 3315 ubi
389 3267 421 3314 et
443 3250 520 3314 alios
543 3251 651 3315 citarit
677 3251 909 3337 spanhemius:
940 3253 1086 3316 Cornuto
1106 3255 1158 3318 De
1184 3255 1267 3320 Nat.

235 3356 337 3419 Deor.
353 3375 385 3439 p.
399 3371 472 3437 232.
488 3354 550 3437 seq.
587 3352 749 3416 Eustathio
764 3353 804 3416 ad
821 3352 911 3416 Iliad.
926 3358 964 3415 Λ.
982 3371 1054 3435 270.
1069 3376 1102 3439 p.
1118 3355 1192 3439 863.
1208 3358 1267 3420 61.

236 3458 346 3519 Sedet
361 3455 481 3517 malum
501 3475 538 3517 ac
560 3453 719 3518 difficilem
739 3468 866 3540 partum
889 3454 1061 3519 immittere
1082 3456 1212 3535 solebat,
1228 3472 1269 3524 ut

235 3570 325 3620 notat
342 3555 557 3620 Callimachus
574 3575 653 3639 1273
678 3555 844 3642 eidemque
863 3556 973 3619 subitae
987 3556 1158 3621 mulierum
1175 3582 1267 3623 mor-

235 3674 283 3722 tes
306 3658 539 3736 tribuebantur,
565 3673 696 3722 notante
721 3658 883 3722 Eustathio
910 3679 943 3743 p.
964 3660 1038 3742 636.
1060 3679 1093 3743 3.
1110 3663 1185 3743 637.
1211 3681 1265 3746 15.

237 3779 329 3842 1171.
347 3773 399 3842 25.
438 3760 480 3821 Et
501 3759 609 3821 fimilia
631 3761 843 3844 Hippocrates
866 3781 897 3844 p.
916 3779 991 3843 303.
1016 3773 1048 3824 et
1070 3763 1145 3844 562.
1172 3762 1268 3847 supra

233 3876 439 3926 memoratus.
476 3861 552 3929 Tale
567 3862 749 3946 exemplum
764 3883 927 3947 puerperae
942 3885 960 3924 a
974 3864 1129 3926 Daemone
1144 3880 1267 3928 vexatae

233 3978 337 4027 narrat
353 3963 466 4027 l'lellus
484 3965 536 4027 De
551 3964 613 4048 Op.
632 3965 738 4027 Daem.
763 3985 795 4049 p.
815 3983 887 4027 101.
926 3965 961 4025 ln
978 3965 1166 4042 ἀνακαύσειεν,
1183 3968 1265 4030 exci-

232 4077 283 4143 tet,
304 4065 452 4141 iarn-ndat,
476 4064 630 4127 rationem
653 4064 823 4133 habuimus
844 4064 1007 4127 sententiae
1032 4083 1065 4128 et
1089 4067 1264 4131 consuetu-

232 4166 333 4228 dinis:
362 4167 400 4228 fic
417 4167 575 4229 Plutarch.
594 4189 625 4250 p.
640 4166 732 4249 1089.
749 4168 800 4229 A:
824 4166 941 4250 ἆνακαῖῃ
956 4171 1003 4243 τὴν
1018 4166 1120 4250 ὄρεξιντ
1144 4183 1176 4230 et
1194 4185 1262 4232 tra-

229 4265 294 4349 lata
316 4266 405 4348 notio
426 4267 561 4331 refertur
582 4267 677 4331 etiam
700 4266 741 4346 ad
763 4269 902 4347 Hecates
922 4268 1008 4332 faces
1030 4283 1066 4331 ut
1081 4268 1113 4333 ‘m
1128 4269 1263 4370 Sophos
