<?xml version="1.0" encoding="UTF-8"?>
<!DOCTYPE html PUBLIC "-//W3C//DTD XHTML 1.0 Transitional//EN"
    "http://www.w3.org/TR/xhtml1/DTD/xhtml1-transitional.dtd">
<html xmlns="http://www.w3.org/1999/xhtml" xml:lang="en" lang="en">
 <head>
  <title>
</title>
<meta http-equiv="Content-Type" content="text/html;charset=utf-8" />
  <meta name='ocr-system' content='tesseract 3.04.00' />
  <meta name='ocr-capabilities' content='ocr_page ocr_carea ocr_par ocr_line ocrx_word'/>
</head>
<body>
  <div class='ocr_page' id='page_1' title='image "./plutarchichaero01plutgoog_0035.png"; bbox 0 0 2692 4770; ppageno 0'>
   <div class='ocr_carea' id='block_1_1' title="bbox 152 310 1041 384">
    <p class='ocr_par' dir='ltr' id='par_1_1' title="bbox 152 310 1041 384">
     <span class='ocr_line' id='line_1_1' title="bbox 152 310 1041 384; baseline -0.002 -14"><span class='ocrx_word' id='word_1_1' title='bbox 152 314 212 384; x_wconf 73' lang='lat'>⁵76</span> <span class='ocrx_word' id='word_1_2' title='bbox 291 313 329 372; x_wconf 90' lang='lat' dir='ltr'>D.</span> <span class='ocrx_word' id='word_1_3' title='bbox 345 314 395 370; x_wconf 89' lang='lat' dir='ltr'>W.</span> <span class='ocrx_word' id='word_1_4' title='bbox 416 312 622 372; x_wconf 83' lang='lat' dir='ltr'>ANIMADV.</span> <span class='ocrx_word' id='word_1_5' title='bbox 646 312 695 372; x_wconf 85' lang='lat' dir='ltr'>IN</span> <span class='ocrx_word' id='word_1_6' title='bbox 715 311 944 371; x_wconf 79' lang='lat' dir='ltr'>PLUTARCHI</span> <span class='ocrx_word' id='word_1_7' title='bbox 964 310 1041 370; x_wconf 84' lang='lat' dir='ltr'>LlB.</span> 
     </span>
    </p>
   </div>
   <div class='ocr_carea' id='block_1_2' title="bbox 146 470 1198 4308">
    <p class='ocr_par' dir='ltr' id='par_1_2' title="bbox 146 470 1198 4308">
     <span class='ocr_line' id='line_1_2' title="bbox 155 470 1189 562; baseline -0.002 -22"><span class='ocrx_word' id='word_1_8' title='bbox 155 470 1189 562; x_wconf 80' lang='lat' dir='ltr'>ProgymnasmatibusHermogenis‚&#39;sheonis‚libanii,Aphtho·</span> 
     </span>
     <span class='ocr_line' id='line_1_3' title="bbox 154 575 1188 662; baseline 0 -22"><span class='ocrx_word' id='word_1_9' title='bbox 154 576 211 655; x_wconf 91' lang='lat' dir='ltr'>nii,</span> <span class='ocrx_word' id='word_1_10' title='bbox 227 577 391 642; x_wconf 84' lang='lat' dir='ltr'>Prisciani:</span> <span class='ocrx_word' id='word_1_11' title='bbox 415 576 542 656; x_wconf 86' lang='lat' dir='ltr'>deinde,</span> <span class='ocrx_word' id='word_1_12' title='bbox 556 577 605 640; x_wconf 88' lang='lat' dir='ltr'>his</span> <span class='ocrx_word' id='word_1_13' title='bbox 619 576 848 662; x_wconf 86' lang='lat' dir='ltr'>componendis</span> <span class='ocrx_word' id='word_1_14' title='bbox 863 575 1052 641; x_wconf 87' lang='lat' dir='ltr'>rhetoricam</span> <span class='ocrx_word' id='word_1_15' title='bbox 1063 575 1188 641; x_wconf 80' lang='lat' dir='ltr'>docere</span> 
     </span>
     <span class='ocr_line' id='line_1_4' title="bbox 152 676 1189 764; baseline -0.002 -22"><span class='ocrx_word' id='word_1_16' title='bbox 152 691 187 742; x_wconf 91' lang='lat' dir='ltr'>et</span> <span class='ocrx_word' id='word_1_17' title='bbox 210 679 362 763; x_wconf 76' lang='lat' dir='ltr'>quaestum</span> <span class='ocrx_word' id='word_1_18' title='bbox 385 677 499 754; x_wconf 86' lang='lat' dir='ltr'>facere,</span> <span class='ocrx_word' id='word_1_19' title='bbox 520 682 679 764; x_wconf 74' lang='grc' dir='ltr'>μιθοιρντῖν,</span> <span class='ocrx_word' id='word_1_20' title='bbox 698 677 926 762; x_wconf 45' lang='lat' dir='ltr'>manumiserunt,</span> <span class='ocrx_word' id='word_1_21' title='bbox 948 677 1036 763; x_wconf 90' lang='lat' dir='ltr'>quod</span> <span class='ocrx_word' id='word_1_22' title='bbox 1058 676 1189 740; x_wconf 87' lang='lat' dir='ltr'>videtur</span> 
     </span>
     <span class='ocr_line' id='line_1_5' title="bbox 153 777 1187 865; baseline -0.001 -24"><span class='ocrx_word' id='word_1_23' title='bbox 153 778 325 864; x_wconf 80' lang='lat' dir='ltr'>fignificare</span> <span class='ocrx_word' id='word_1_24' title='bbox 347 778 401 841; x_wconf 84' lang='lat' dir='ltr'>illa</span> <span class='ocrx_word' id='word_1_25' title='bbox 419 777 517 842; x_wconf 70' lang='lat' dir='ltr'>dictio</span> <span class='ocrx_word' id='word_1_26' title='bbox 537 782 727 865; x_wconf 72' lang='grc' dir='ltr'>οιαροιριθμιῖι</span> <span class='ocrx_word' id='word_1_27' title='bbox 741 780 802 852; x_wconf 86' lang='grc' dir='ltr'>τοὺς</span> <span class='ocrx_word' id='word_1_28' title='bbox 815 778 924 862; x_wconf 79' lang='grc' dir='ltr'>λόγους.</span> <span class='ocrx_word' id='word_1_29' title='bbox 959 777 1187 842; x_wconf 79' lang='lat' dir='ltr'>Anacharfidis</span> 
     </span>
     <span class='ocr_line' id='line_1_6' title="bbox 153 877 1184 965; baseline 0 -23"><span class='ocrx_word' id='word_1_30' title='bbox 153 878 282 964; x_wconf 88' lang='lat' dir='ltr'>quidem</span> <span class='ocrx_word' id='word_1_31' title='bbox 306 878 460 943; x_wconf 88' lang='lat' dir='ltr'>sententia</span> <span class='ocrx_word' id='word_1_32' title='bbox 480 877 552 942; x_wconf 84' lang='lat' dir='ltr'>satis</span> <span class='ocrx_word' id='word_1_33' title='bbox 573 879 615 942; x_wconf 86' lang='lat' dir='ltr'>est</span> <span class='ocrx_word' id='word_1_34' title='bbox 633 878 816 965; x_wconf 85' lang='lat' dir='ltr'>perspicua:</span> <span class='ocrx_word' id='word_1_35' title='bbox 841 879 894 943; x_wconf 89' lang='lat' dir='ltr'>sed</span> <span class='ocrx_word' id='word_1_36' title='bbox 915 878 1078 964; x_wconf 89' lang='lat' dir='ltr'>quomodo</span> <span class='ocrx_word' id='word_1_37' title='bbox 1099 900 1184 943; x_wconf 90' lang='lat' dir='ltr'>con·</span> 
     </span>
     <span class='ocr_line' id='line_1_7' title="bbox 152 979 1198 1068; baseline 0.002 -23"><span class='ocrx_word' id='word_1_38' title='bbox 152 996 250 1068; x_wconf 87' lang='lat' dir='ltr'>gruat</span> <span class='ocrx_word' id='word_1_39' title='bbox 270 1003 345 1045; x_wconf 90' lang='lat' dir='ltr'>cum</span> <span class='ocrx_word' id='word_1_40' title='bbox 367 980 422 1045; x_wconf 90' lang='lat' dir='ltr'>illo</span> <span class='ocrx_word' id='word_1_41' title='bbox 439 984 623 1068; x_wconf 73' lang='grc' dir='ltr'>παραριθμεῖν</span> <span class='ocrx_word' id='word_1_42' title='bbox 644 979 689 1057; x_wconf 65' lang='grc' dir='ltr'>καὶ</span> <span class='ocrx_word' id='word_1_43' title='bbox 709 986 891 1066; x_wconf 75' lang='grc' dir='ltr'>παραμετρεῖν</span> <span class='ocrx_word' id='word_1_44' title='bbox 907 982 968 1055; x_wconf 83' lang='grc' dir='ltr'>τοὺς</span> <span class='ocrx_word' id='word_1_45' title='bbox 989 980 1090 1063; x_wconf 72' lang='grc' dir='ltr'>λόγος,</span> <span class='ocrx_word' id='word_1_46' title='bbox 1116 995 1198 1047; x_wconf 75' lang='lat' dir='ltr'>non&#39;</span> 
     </span>
     <span class='ocr_line' id='line_1_8' title="bbox 152 1082 1185 1169; baseline -0.002 -23"><span class='ocrx_word' id='word_1_47' title='bbox 152 1083 230 1147; x_wconf 91' lang='lat' dir='ltr'>item</span> <span class='ocrx_word' id='word_1_48' title='bbox 252 1097 393 1168; x_wconf 87' lang='lat' dir='ltr'>apparet.</span> <span class='ocrx_word' id='word_1_49' title='bbox 438 1082 573 1146; x_wconf 75' lang='lat' dir='ltr'>Fortasse</span> <span class='ocrx_word' id='word_1_50' title='bbox 596 1103 667 1146; x_wconf 88' lang='lat' dir='ltr'>vera</span> <span class='ocrx_word' id='word_1_51' title='bbox 689 1082 784 1147; x_wconf 71' lang='lat' dir='ltr'>lectio</span> <span class='ocrx_word' id='word_1_52' title='bbox 805 1083 859 1161; x_wconf 86' lang='lat' dir='ltr'>est,</span> <span class='ocrx_word' id='word_1_53' title='bbox 880 1084 941 1157; x_wconf 81' lang='grc' dir='ltr'>τοὺς</span> <span class='ocrx_word' id='word_1_54' title='bbox 966 1082 1065 1165; x_wconf 74' lang='grc' dir='ltr'>λόγους</span> <span class='ocrx_word' id='word_1_55' title='bbox 1084 1108 1185 1169; x_wconf 78' lang='grc' dir='ltr'>παρι-</span> 
     </span>
     <span class='ocr_line' id='line_1_9' title="bbox 153 1182 1185 1272; baseline -0.001 -25"><span class='ocrx_word' id='word_1_56' title='bbox 153 1190 309 1272; x_wconf 68' lang='grc' dir='ltr'>ριθμοῡνοες</span> <span class='ocrx_word' id='word_1_57' title='bbox 326 1182 372 1262; x_wconf 63' lang='grc' dir='ltr'>καὶ</span> <span class='ocrx_word' id='word_1_58' title='bbox 391 1184 649 1267; x_wconf 73' lang='grc' dir='ltr'>παραριθμούμενοι·</span> <span class='ocrx_word' id='word_1_59' title='bbox 674 1183 816 1247; x_wconf 81' lang='lat' dir='ltr'>orationes</span> <span class='ocrx_word' id='word_1_60' title='bbox 828 1186 904 1269; x_wconf 81' lang='lat' dir='ltr'>suas</span> <span class='ocrx_word' id='word_1_61' title='bbox 919 1195 1023 1246; x_wconf 79' lang='lat' dir='ltr'>temere</span> <span class='ocrx_word' id='word_1_62' title='bbox 1037 1207 1185 1246; x_wconf 81' lang='lat' dir='ltr'>arrnurrre·</span> 
     </span>
     <span class='ocr_line' id='line_1_10' title="bbox 152 1282 1186 1371; baseline -0.003 -21"><span class='ocrx_word' id='word_1_63' title='bbox 152 1298 223 1350; x_wconf 85' lang='lat' dir='ltr'>rant</span> <span class='ocrx_word' id='word_1_64' title='bbox 236 1285 436 1362; x_wconf 78' lang='lat' dir='ltr'>audientibus,</span> <span class='ocrx_word' id='word_1_65' title='bbox 453 1295 481 1347; x_wconf 85' lang='lat' dir='ltr'>et</span> <span class='ocrx_word' id='word_1_66' title='bbox 498 1284 535 1347; x_wconf 84' lang='lat' dir='ltr'>ab</span> <span class='ocrx_word' id='word_1_67' title='bbox 556 1283 601 1347; x_wconf 79' lang='lat' dir='ltr'>his</span> <span class='ocrx_word' id='word_1_68' title='bbox 620 1282 743 1370; x_wconf 51' lang='grc' dir='ltr'>νίψει</span> <span class='ocrx_word' id='word_1_69' title='bbox 758 1284 943 1371; x_wconf 82' lang='lat' dir='ltr'>decipiuntur</span> <span class='ocrx_word' id='word_1_70' title='bbox 956 1285 1186 1348; x_wconf 75' lang='lat' dir='ltr'>annumeranda</span> 
     </span>
     <span class='ocr_line' id='line_1_11' title="bbox 152 1384 1185 1470; baseline -0.003 -19"><span class='ocrx_word' id='word_1_71' title='bbox 152 1388 290 1451; x_wconf 70' lang='lat' dir='ltr'>mercede.</span> <span class='ocrx_word' id='word_1_72' title='bbox 329 1389 400 1450; x_wconf 86' lang='lat' dir='ltr'>Hac</span> <span class='ocrx_word' id='word_1_73' title='bbox 422 1386 551 1450; x_wconf 89' lang='lat' dir='ltr'>notione</span> <span class='ocrx_word' id='word_1_74' title='bbox 573 1386 616 1450; x_wconf 89' lang='lat' dir='ltr'>est</span> <span class='ocrx_word' id='word_1_75' title='bbox 642 1385 772 1449; x_wconf 84' lang='lat' dir='ltr'>verbum</span> <span class='ocrx_word' id='word_1_76' title='bbox 800 1385 831 1448; x_wconf 92' lang='lat' dir='ltr'>in</span> <span class='ocrx_word' id='word_1_77' title='bbox 854 1384 1033 1449; x_wconf 90' lang='lat' dir='ltr'>Stoicorum</span> <span class='ocrx_word' id='word_1_78' title='bbox 1056 1384 1185 1470; x_wconf 80' lang='lat' dir='ltr'>placitis</span> 
     </span>
     <span class='ocr_line' id='line_1_12' title="bbox 153 1486 1184 1575; baseline -0.004 -21"><span class='ocrx_word' id='word_1_79' title='bbox 153 1489 237 1575; x_wconf 86' lang='lat' dir='ltr'>apud</span> <span class='ocrx_word' id='word_1_80' title='bbox 253 1489 416 1552; x_wconf 85' lang='lat' dir='ltr'>Stobaeum</span> <span class='ocrx_word' id='word_1_81' title='bbox 433 1486 545 1573; x_wconf 83' lang='lat' dir='ltr'>Eclog.</span> <span class='ocrx_word' id='word_1_82' title='bbox 562 1486 669 1551; x_wconf 83' lang='lat' dir='ltr'>Ethic.</span> <span class='ocrx_word' id='word_1_83' title='bbox 691 1508 724 1572; x_wconf 89' lang='lat' dir='ltr'>p.</span> <span class='ocrx_word' id='word_1_84' title='bbox 745 1488 801 1571; x_wconf 85' lang='lat'>183</span> <span class='ocrx_word' id='word_1_85' title='bbox 816 1511 824 1550; x_wconf 84' lang='grc' dir='ltr'>ι</span> <span class='ocrx_word' id='word_1_86' title='bbox 846 1490 916 1567; x_wconf 71' lang='grc' dir='ltr'>μήτε</span> <span class='ocrx_word' id='word_1_87' title='bbox 929 1487 1118 1567; x_wconf 55' lang='lat' dir='ltr'>stravidedun</span> <span class='ocrx_word' id='word_1_88' title='bbox 1136 1489 1184 1551; x_wconf 79' lang='grc' dir='ltr'>τὸν</span> 
     </span>
     <span class='ocr_line' id='line_1_13' title="bbox 153 1586 1184 1675; baseline -0.005 -20"><span class='ocrx_word' id='word_1_89' title='bbox 153 1594 245 1672; x_wconf 75' lang='grc' dir='ltr'>σοφὸν,</span> <span class='ocrx_word' id='word_1_90' title='bbox 261 1589 321 1652; x_wconf 80' lang='grc' dir='ltr'>οὔτε</span> <span class='ocrx_word' id='word_1_91' title='bbox 335 1592 517 1669; x_wconf 53' lang='lat' dir='ltr'>pereffluas,</span> <span class='ocrx_word' id='word_1_92' title='bbox 534 1586 581 1650; x_wconf 77' lang='grc' dir='ltr'>ἕπε</span> <span class='ocrx_word' id='word_1_93' title='bbox 596 1591 737 1664; x_wconf 52' lang='lat' dir='ltr'>Parricidi,</span> <span class='ocrx_word' id='word_1_94' title='bbox 753 1588 812 1651; x_wconf 74' lang='lat' dir='ltr'>oiri</span> <span class='ocrx_word' id='word_1_95' title='bbox 832 1592 1035 1675; x_wconf 69' lang='lat' dir='ltr'>crapaprhprir,</span> <span class='ocrx_word' id='word_1_96' title='bbox 1058 1587 1118 1651; x_wconf 76' lang='grc' dir='ltr'>οὗτε</span> <span class='ocrx_word' id='word_1_97' title='bbox 1140 1592 1184 1671; x_wconf 71' lang='lat' dir='ltr'>tp&#39;</span> 
     </span>
     <span class='ocr_line' id='line_1_14' title="bbox 153 1689 1184 1779; baseline -0.002 -22"><span class='ocrx_word' id='word_1_98' title='bbox 153 1693 243 1779; x_wconf 77' lang='grc' dir='ltr'>ἑτέρου</span> <span class='ocrx_word' id='word_1_99' title='bbox 263 1693 507 1778; x_wconf 68' lang='grc' dir='ltr'>οιοιροιριθμεῖθοιρ·</span> <span class='ocrx_word' id='word_1_100' title='bbox 531 1696 623 1752; x_wconf 78' lang='grc' dir='ltr'>ταῦτα</span> <span class='ocrx_word' id='word_1_101' title='bbox 641 1694 699 1775; x_wconf 70' lang='grc' dir='ltr'>γὰρ</span> <span class='ocrx_word' id='word_1_102' title='bbox 724 1690 823 1752; x_wconf 72' lang='grc' dir='ltr'>πάντα</span> <span class='ocrx_word' id='word_1_103' title='bbox 843 1693 890 1766; x_wconf 74' lang='grc' dir='ltr'>τὴν</span> <span class='ocrx_word' id='word_1_104' title='bbox 911 1690 1018 1766; x_wconf 75' lang='grc' dir='ltr'>ἀπάτην</span> <span class='ocrx_word' id='word_1_105' title='bbox 1038 1689 1184 1776; x_wconf 65' lang='grc' dir='ltr'>περιίχοιν</span> 
     </span>
     <span class='ocr_line' id='line_1_15' title="bbox 153 1791 1185 1877; baseline -0.003 -18"><span class='ocrx_word' id='word_1_106' title='bbox 153 1794 200 1876; x_wconf 62' lang='grc' dir='ltr'>καὶ</span> <span class='ocrx_word' id='word_1_107' title='bbox 219 1798 274 1867; x_wconf 82' lang='grc' dir='ltr'>τοῖς</span> <span class='ocrx_word' id='word_1_108' title='bbox 298 1795 374 1856; x_wconf 69' lang='grc' dir='ltr'>κατὰ</span> <span class='ocrx_word' id='word_1_109' title='bbox 391 1793 437 1854; x_wconf 71' lang='grc' dir='ltr'>οὖν</span> <span class='ocrx_word' id='word_1_110' title='bbox 458 1791 538 1854; x_wconf 77' lang='grc' dir='ltr'>τόπον</span> <span class='ocrx_word' id='word_1_111' title='bbox 558 1792 668 1866; x_wconf 72' lang='grc' dir='ltr'>ψεύδεσι</span> <span class='ocrx_word' id='word_1_112' title='bbox 687 1791 842 1877; x_wconf 68' lang='grc' dir='ltr'>πρόθεσιν.</span> <span class='ocrx_word' id='word_1_113' title='bbox 881 1791 1059 1855; x_wconf 87' lang='lat' dir='ltr'>Heerenius</span> <span class='ocrx_word' id='word_1_114' title='bbox 1074 1791 1106 1854; x_wconf 89' lang='lat' dir='ltr'>in</span> <span class='ocrx_word' id='word_1_115' title='bbox 1128 1794 1185 1856; x_wconf 80' lang='lat' dir='ltr'>sua</span> 
     </span>
     <span class='ocr_line' id='line_1_16' title="bbox 152 1892 1182 1981; baseline -0.004 -19"><span class='ocrx_word' id='word_1_116' title='bbox 152 1897 293 1962; x_wconf 85' lang='lat' dir='ltr'>editione</span> <span class='ocrx_word' id='word_1_117' title='bbox 308 1916 340 1981; x_wconf 89' lang='lat' dir='ltr'>p.</span> <span class='ocrx_word' id='word_1_118' title='bbox 351 1911 423 1978; x_wconf 87' lang='lat'><strong>232.</strong></span> <span class='ocrx_word' id='word_1_119' title='bbox 438 1894 568 1956; x_wconf 88' lang='lat' dir='ltr'>verbum</span> <span class='ocrx_word' id='word_1_120' title='bbox 585 1892 675 1956; x_wconf 91' lang='lat' dir='ltr'>nihili</span> <span class='ocrx_word' id='word_1_121' title='bbox 689 1895 823 1970; x_wconf 65' lang='grc' dir='ltr'>διεῖᾶὣορ,</span> <span class='ocrx_word' id='word_1_122' title='bbox 839 1915 894 1978; x_wconf 89' lang='lat' dir='ltr'>pro</span> <span class='ocrx_word' id='word_1_123' title='bbox 908 1915 972 1978; x_wconf 93' lang='lat' dir='ltr'>quo</span> <span class='ocrx_word' id='word_1_124' title='bbox 986 1892 1092 1977; x_wconf 86' lang='lat' dir='ltr'>scripti</span> <span class='ocrx_word' id='word_1_125' title='bbox 1108 1895 1182 1978; x_wconf 89' lang='lat' dir='ltr'>qui·</span> 
     </span>
     <span class='ocr_line' id='line_1_17' title="bbox 153 1994 1183 2080; baseline -0.003 -16"><span class='ocrx_word' id='word_1_126' title='bbox 153 1999 228 2064; x_wconf 86' lang='lat' dir='ltr'>darn</span> <span class='ocrx_word' id='word_1_127' title='bbox 241 1998 313 2063; x_wconf 91' lang='lat' dir='ltr'>libri</span> <span class='ocrx_word' id='word_1_128' title='bbox 327 1996 406 2060; x_wconf 87' lang='lat' dir='ltr'>dant</span> <span class='ocrx_word' id='word_1_129' title='bbox 418 1998 578 2073; x_wconf 68' lang='grc' dir='ltr'>διαιτοῑῶορ,</span> <span class='ocrx_word' id='word_1_130' title='bbox 600 1994 741 2073; x_wconf 82' lang='lat' dir='ltr'>mutavit</span> <span class='ocrx_word' id='word_1_131' title='bbox 757 1994 788 2058; x_wconf 93' lang='lat' dir='ltr'>in</span> <span class='ocrx_word' id='word_1_132' title='bbox 804 1998 999 2074; x_wconf 68' lang='grc' dir='ltr'>διαπατᾶὣαρε</span> <span class='ocrx_word' id='word_1_133' title='bbox 1023 1996 1110 2080; x_wconf 89' lang='lat' dir='ltr'>quod</span> <span class='ocrx_word' id='word_1_134' title='bbox 1132 1996 1183 2061; x_wconf 89' lang='lat' dir='ltr'>se·</span> 
     </span>
     <span class='ocr_line' id='line_1_18' title="bbox 152 2097 1183 2186; baseline 0 -22"><span class='ocrx_word' id='word_1_135' title='bbox 152 2122 254 2186; x_wconf 82' lang='lat' dir='ltr'>quens</span> <span class='ocrx_word' id='word_1_136' title='bbox 269 2122 327 2163; x_wconf 86' lang='lat' dir='ltr'>vox</span> <span class='ocrx_word' id='word_1_137' title='bbox 341 2098 448 2175; x_wconf 77' lang='grc' dir='ltr'>ἆτάτην</span> <span class='ocrx_word' id='word_1_138' title='bbox 463 2097 625 2182; x_wconf 86' lang='lat' dir='ltr'>repudiat:</span> <span class='ocrx_word' id='word_1_139' title='bbox 641 2119 700 2161; x_wconf 88' lang='lat' dir='ltr'>nec</span> <span class='ocrx_word' id='word_1_140' title='bbox 713 2097 800 2161; x_wconf 86' lang='lat' dir='ltr'>enim</span> <span class='ocrx_word' id='word_1_141' title='bbox 814 2099 958 2184; x_wconf 88' lang='lat' dir='ltr'>Scriptor</span> <span class='ocrx_word' id='word_1_142' title='bbox 972 2121 1035 2163; x_wconf 90' lang='lat' dir='ltr'>non</span> <span class='ocrx_word' id='word_1_143' title='bbox 1052 2100 1183 2186; x_wconf 73' lang='lat' dir='ltr'>ineptus</span> 
     </span>
     <span class='ocr_line' id='line_1_19' title="bbox 152 2197 1184 2278; baseline 0 -13"><span class='ocrx_word' id='word_1_144' title='bbox 152 2202 251 2278; x_wconf 85' lang='lat' dir='ltr'>dicat,</span> <span class='ocrx_word' id='word_1_145' title='bbox 266 2200 298 2262; x_wconf 92' lang='lat' dir='ltr'>in</span> <span class='ocrx_word' id='word_1_146' title='bbox 316 2198 412 2261; x_wconf 83' lang='lat' dir='ltr'>verbo</span> <span class='ocrx_word' id='word_1_147' title='bbox 426 2200 604 2275; x_wconf 68' lang='grc' dir='ltr'>διαπατοῑθον</span> <span class='ocrx_word' id='word_1_148' title='bbox 622 2197 778 2262; x_wconf 84' lang='lat' dir='ltr'>contineri</span> <span class='ocrx_word' id='word_1_149' title='bbox 799 2199 918 2278; x_wconf 73' lang='grc' dir='ltr'>ἀπάτην,</span> <span class='ocrx_word' id='word_1_150' title='bbox 932 2214 990 2263; x_wconf 84' lang='lat' dir='ltr'>aut</span> <span class='ocrx_word' id='word_1_151' title='bbox 1004 2199 1036 2263; x_wconf 88' lang='lat' dir='ltr'>in</span> <span class='ocrx_word' id='word_1_152' title='bbox 1052 2201 1184 2265; x_wconf 84' lang='lat' dir='ltr'>nominc</span> 
     </span>
     <span class='ocr_line' id='line_1_20' title="bbox 152 2299 1183 2389; baseline 0.001 -23"><span class='ocrx_word' id='word_1_153' title='bbox 152 2304 245 2389; x_wconf 71' lang='grc' dir='ltr'>ἀπάτῃ</span> <span class='ocrx_word' id='word_1_154' title='bbox 262 2300 354 2366; x_wconf 87' lang='lat' dir='ltr'>inesse</span> <span class='ocrx_word' id='word_1_155' title='bbox 368 2303 550 2378; x_wconf 66' lang='grc' dir='ltr'>διαποιῖἂθαρ,</span> <span class='ocrx_word' id='word_1_156' title='bbox 561 2299 648 2386; x_wconf 89' lang='lat' dir='ltr'>quod</span> <span class='ocrx_word' id='word_1_157' title='bbox 664 2322 720 2385; x_wconf 89' lang='lat' dir='ltr'>per</span> <span class='ocrx_word' id='word_1_158' title='bbox 735 2300 765 2364; x_wconf 92' lang='lat' dir='ltr'>se</span> <span class='ocrx_word' id='word_1_159' title='bbox 779 2301 991 2381; x_wconf 86' lang='lat' dir='ltr'>manifestum,</span> <span class='ocrx_word' id='word_1_160' title='bbox 1003 2300 1056 2365; x_wconf 91' lang='lat' dir='ltr'>hic</span> <span class='ocrx_word' id='word_1_161' title='bbox 1071 2301 1183 2366; x_wconf 89' lang='lat' dir='ltr'>locum</span> 
     </span>
     <span class='ocr_line' id='line_1_21' title="bbox 153 2401 1181 2488; baseline -0.001 -19"><span class='ocrx_word' id='word_1_162' title='bbox 153 2403 348 2469; x_wconf 88' lang='lat' dir='ltr'>nonhabet:</span> <span class='ocrx_word' id='word_1_163' title='bbox 372 2401 482 2466; x_wconf 89' lang='lat' dir='ltr'>malim</span> <span class='ocrx_word' id='word_1_164' title='bbox 503 2416 590 2466; x_wconf 89' lang='lat' dir='ltr'>certe</span> <span class='ocrx_word' id='word_1_165' title='bbox 612 2403 774 2483; x_wconf 71' lang='grc' dir='ltr'>δεκάζιθαρ,</span> <span class='ocrx_word' id='word_1_166' title='bbox 797 2424 856 2466; x_wconf 93' lang='lat' dir='ltr'>nec</span> <span class='ocrx_word' id='word_1_167' title='bbox 874 2416 982 2467; x_wconf 86' lang='lat' dir='ltr'>tamen</span> <span class='ocrx_word' id='word_1_168' title='bbox 1000 2419 1038 2467; x_wconf 91' lang='lat' dir='ltr'>ut</span> <span class='ocrx_word' id='word_1_169' title='bbox 1057 2424 1117 2488; x_wconf 90' lang='lat' dir='ltr'>pro</span> <span class='ocrx_word' id='word_1_170' title='bbox 1130 2404 1181 2468; x_wconf 89' lang='lat' dir='ltr'>in-</span> 
     </span>
     <span class='ocr_line' id='line_1_22' title="bbox 151 2502 1181 2590; baseline -0.002 -20"><span class='ocrx_word' id='word_1_171' title='bbox 151 2506 298 2570; x_wconf 88' lang='lat' dir='ltr'>dubitato</span> <span class='ocrx_word' id='word_1_172' title='bbox 325 2503 357 2567; x_wconf 93' lang='lat' dir='ltr'>in</span> <span class='ocrx_word' id='word_1_173' title='bbox 385 2516 573 2568; x_wconf 82' lang='lat' dir='ltr'>contextum</span> <span class='ocrx_word' id='word_1_174' title='bbox 601 2503 697 2587; x_wconf 83' lang='lat' dir='ltr'>recipi</span> <span class='ocrx_word' id='word_1_175' title='bbox 723 2502 828 2567; x_wconf 89' lang='lat' dir='ltr'>velim.</span> <span class='ocrx_word' id='word_1_176' title='bbox 872 2504 944 2568; x_wconf 91' lang='lat' dir='ltr'>Nec</span> <span class='ocrx_word' id='word_1_177' title='bbox 966 2504 1005 2568; x_wconf 90' lang='lat' dir='ltr'>de</span> <span class='ocrx_word' id='word_1_178' title='bbox 1027 2504 1181 2590; x_wconf 83' lang='lat' dir='ltr'>praesente</span> 
     </span>
     <span class='ocr_line' id='line_1_23' title="bbox 154 2601 1183 2671; baseline -0.003 0"><span class='ocrx_word' id='word_1_179' title='bbox 154 2604 316 2671; x_wconf 86' lang='lat' dir='ltr'>Plutarchi</span> <span class='ocrx_word' id='word_1_180' title='bbox 330 2603 402 2667; x_wconf 92' lang='lat' dir='ltr'>loco</span> <span class='ocrx_word' id='word_1_181' title='bbox 423 2602 576 2665; x_wconf 88' lang='lat' dir='ltr'>affirmem</span> <span class='ocrx_word' id='word_1_182' title='bbox 595 2624 647 2666; x_wconf 91' lang='lat' dir='ltr'>me</span> <span class='ocrx_word' id='word_1_183' title='bbox 663 2625 771 2666; x_wconf 87' lang='lat' dir='ltr'>verum</span> <span class='ocrx_word' id='word_1_184' title='bbox 786 2602 902 2667; x_wconf 85' lang='lat' dir='ltr'>vidisse.</span> <span class='ocrx_word' id='word_1_185' title='bbox 939 2601 1049 2668; x_wconf 88' lang='lat' dir='ltr'>Codex</span> <span class='ocrx_word' id='word_1_186' title='bbox 1065 2603 1107 2667; x_wconf 92' lang='lat' dir='ltr'>C.</span> <span class='ocrx_word' id='word_1_187' title='bbox 1122 2603 1183 2668; x_wconf 88' lang='lat' dir='ltr'>ha·</span> 
     </span>
     <span class='ocr_line' id='line_1_24' title="bbox 150 2704 1183 2792; baseline -0.003 -19"><span class='ocrx_word' id='word_1_188' title='bbox 150 2710 207 2773; x_wconf 89' lang='lat' dir='ltr'>bet</span> <span class='ocrx_word' id='word_1_189' title='bbox 229 2707 382 2785; x_wconf 89' lang='lat' dir='ltr'>scholion,</span> <span class='ocrx_word' id='word_1_190' title='bbox 408 2705 494 2792; x_wconf 90' lang='lat' dir='ltr'>quod</span> <span class='ocrx_word' id='word_1_191' title='bbox 517 2704 744 2791; x_wconf 85' lang='lat' dir='ltr'>apponendum</span> <span class='ocrx_word' id='word_1_192' title='bbox 765 2705 941 2784; x_wconf 84' lang='lat' dir='ltr'>censemus,</span> <span class='ocrx_word' id='word_1_193' title='bbox 964 2705 984 2768; x_wconf 87' lang='lat' dir='ltr'>sr</span> <span class='ocrx_word' id='word_1_194' title='bbox 1006 2704 1077 2790; x_wconf 81' lang='lat' dir='ltr'>quis</span> <span class='ocrx_word' id='word_1_195' title='bbox 1099 2705 1183 2770; x_wconf 85' lang='lat' dir='ltr'>sorte</span> 
     </span>
     <span class='ocr_line' id='line_1_25' title="bbox 151 2805 1183 2895; baseline 0 -23"><span class='ocrx_word' id='word_1_196' title='bbox 151 2809 225 2873; x_wconf 88' lang='lat' dir='ltr'>inde</span> <span class='ocrx_word' id='word_1_197' title='bbox 246 2809 366 2895; x_wconf 85' lang='lat' dir='ltr'>aliquid</span> <span class='ocrx_word' id='word_1_198' title='bbox 391 2809 539 2873; x_wconf 85' lang='lat' dir='ltr'>utilitatis</span> <span class='ocrx_word' id='word_1_199' title='bbox 563 2808 679 2894; x_wconf 87' lang='lat' dir='ltr'>capiat.</span> <span class='ocrx_word' id='word_1_200' title='bbox 724 2806 828 2892; x_wconf 87' lang='lat' dir='ltr'>Igitur</span> <span class='ocrx_word' id='word_1_201' title='bbox 850 2805 1070 2871; x_wconf 82' lang='lat' dir='ltr'>Anacharsrdis</span> <span class='ocrx_word' id='word_1_202' title='bbox 1092 2806 1183 2872; x_wconf 70' lang='lat' dir='ltr'>dido</span> 
     </span>
     <span class='ocr_line' id='line_1_26' title="bbox 151 2907 1184 2995; baseline -0.003 -22"><span class='ocrx_word' id='word_1_203' title='bbox 151 2910 394 2994; x_wconf 85' lang='lat' dir='ltr'>superscriptum</span> <span class='ocrx_word' id='word_1_204' title='bbox 409 2909 472 2970; x_wconf 84' lang='lat' dir='ltr'>est:</span> <span class='ocrx_word' id='word_1_205' title='bbox 496 2909 517 2993; x_wconf 73' lang='lat' dir='ltr'>’i</span> <span class='ocrx_word' id='word_1_206' title='bbox 532 2914 599 2970; x_wconf 76' lang='grc' dir='ltr'>τΐιτο</span> <span class='ocrx_word' id='word_1_207' title='bbox 613 2910 721 2993; x_wconf 76' lang='grc' dir='ltr'>μικρὸν,</span> <span class='ocrx_word' id='word_1_208' title='bbox 736 2910 771 2981; x_wconf 66' lang='grc' dir='ltr'>οἷς</span> <span class='ocrx_word' id='word_1_209' title='bbox 785 2910 857 2970; x_wconf 78' lang='grc' dir='ltr'>δοκεῖ</span> <span class='ocrx_word' id='word_1_210' title='bbox 870 2907 971 2993; x_wconf 67' lang='grc' dir='ltr'>ἴοῑοῖπρ·</span> <span class='ocrx_word' id='word_1_211' title='bbox 993 2910 1097 2993; x_wconf 76' lang='grc' dir='ltr'>τὸγὰρ</span> <span class='ocrx_word' id='word_1_212' title='bbox 1116 2911 1184 2995; x_wconf 76' lang='grc' dir='ltr'>πρὸς</span> 
     </span>
     <span class='ocr_line' id='line_1_27' title="bbox 148 3007 1183 3097; baseline -0.001 -23"><span class='ocrx_word' id='word_1_213' title='bbox 148 3012 222 3074; x_wconf 77' lang='grc' dir='ltr'>οὐδὲν</span> <span class='ocrx_word' id='word_1_214' title='bbox 235 3011 401 3097; x_wconf 67' lang='grc' dir='ltr'>μαρτυρήσει</span> <span class='ocrx_word' id='word_1_215' title='bbox 422 3015 462 3093; x_wconf 79' lang='grc' dir='ltr'>τῷ</span> <span class='ocrx_word' id='word_1_216' title='bbox 481 3009 568 3092; x_wconf 77' lang='grc' dir='ltr'><em>λόγῳ·</em></span> <span class='ocrx_word' id='word_1_217' title='bbox 592 3007 669 3093; x_wconf 92' lang='lat' dir='ltr'>quid</span> <span class='ocrx_word' id='word_1_218' title='bbox 688 3008 750 3071; x_wconf 90' lang='lat' dir='ltr'>hoc</span> <span class='ocrx_word' id='word_1_219' title='bbox 765 3008 936 3085; x_wconf 90' lang='lat' dir='ltr'>monitum,</span> <span class='ocrx_word' id='word_1_220' title='bbox 952 3008 983 3071; x_wconf 93' lang='lat' dir='ltr'>in</span> <span class='ocrx_word' id='word_1_221' title='bbox 999 3008 1110 3093; x_wconf 80' lang='lat' dir='ltr'>primis</span> <span class='ocrx_word' id='word_1_222' title='bbox 1124 3033 1183 3073; x_wconf 84' lang='lat' dir='ltr'>vo·</span> 
     </span>
     <span class='ocr_line' id='line_1_28' title="bbox 150 3107 1181 3196; baseline -0.005 -17"><span class='ocrx_word' id='word_1_223' title='bbox 150 3112 224 3179; x_wconf 86' lang='lat' dir='ltr'>cula</span> <span class='ocrx_word' id='word_1_224' title='bbox 238 3111 341 3196; x_wconf 70' lang='grc' dir='ltr'>ἰοῖσίτῃ,</span> <span class='ocrx_word' id='word_1_225' title='bbox 357 3110 410 3174; x_wconf 87' lang='lat' dir='ltr'>fibi</span> <span class='ocrx_word' id='word_1_226' title='bbox 426 3109 511 3189; x_wconf 84' lang='lat' dir='ltr'>velit,</span> <span class='ocrx_word' id='word_1_227' title='bbox 525 3108 579 3172; x_wconf 88' lang='lat' dir='ltr'>alii</span> <span class='ocrx_word' id='word_1_228' title='bbox 596 3107 747 3185; x_wconf 79' lang='lat' dir='ltr'>viderint3</span> <span class='ocrx_word' id='word_1_229' title='bbox 763 3131 825 3195; x_wconf 83' lang='lat' dir='ltr'>ego</span> <span class='ocrx_word' id='word_1_230' title='bbox 841 3131 904 3172; x_wconf 91' lang='lat' dir='ltr'>uon</span> <span class='ocrx_word' id='word_1_231' title='bbox 916 3107 1022 3174; x_wconf 83' lang='lat' dir='ltr'>rideo:</span> <span class='ocrx_word' id='word_1_232' title='bbox 1047 3109 1079 3172; x_wconf 92' lang='lat' dir='ltr'>in</span> <span class='ocrx_word' id='word_1_233' title='bbox 1095 3132 1181 3174; x_wconf 84' lang='lat' dir='ltr'>mar·</span> 
     </span>
     <span class='ocr_line' id='line_1_29' title="bbox 149 3207 1180 3298; baseline -0.001 -23"><span class='ocrx_word' id='word_1_234' title='bbox 149 3213 225 3298; x_wconf 84' lang='lat' dir='ltr'>gine</span> <span class='ocrx_word' id='word_1_235' title='bbox 244 3211 437 3296; x_wconf 79' lang='lat' dir='ltr'>adscriptum</span> <span class='ocrx_word' id='word_1_236' title='bbox 451 3210 513 3274; x_wconf 88' lang='lat' dir='ltr'>est:</span> <span class='ocrx_word' id='word_1_237' title='bbox 536 3211 609 3296; x_wconf 70' lang='grc' dir='ltr'>πρὸς</span> <span class='ocrx_word' id='word_1_238' title='bbox 629 3210 700 3272; x_wconf 71' lang='grc' dir='ltr'>οὐδὲν</span> <span class='ocrx_word' id='word_1_239' title='bbox 714 3207 787 3272; x_wconf 71' lang='grc' dir='ltr'>ἄλλο</span> <span class='ocrx_word' id='word_1_240' title='bbox 808 3211 871 3288; x_wconf 66' lang='grc' dir='ltr'>φησι</span> <span class='ocrx_word' id='word_1_241' title='bbox 886 3215 1003 3296; x_wconf 71' lang='grc' dir='ltr'>χρῆθοιρ</span> <span class='ocrx_word' id='word_1_242' title='bbox 1023 3212 1085 3284; x_wconf 81' lang='grc' dir='ltr'>τοὺς</span> <span class='ocrx_word' id='word_1_243' title='bbox 1100 3210 1180 3274; x_wconf 83' lang='grc' dir='ltr'>Ἕλ-</span> 
     </span>
     <span class='ocr_line' id='line_1_30' title="bbox 150 3311 1181 3398; baseline -0.003 -21"><span class='ocrx_word' id='word_1_244' title='bbox 150 3330 233 3392; x_wconf 77' lang='grc' dir='ltr'>ληνας</span> <span class='ocrx_word' id='word_1_245' title='bbox 245 3318 285 3397; x_wconf 72' lang='grc' dir='ltr'>τῷ</span> <span class='ocrx_word' id='word_1_246' title='bbox 299 3312 458 3394; x_wconf 66' lang='grc' dir='ltr'>νομίσματι·</span> <span class='ocrx_word' id='word_1_247' title='bbox 482 3313 532 3374; x_wconf 74' lang='grc' dir='ltr'>οἷον</span> <span class='ocrx_word' id='word_1_248' title='bbox 546 3315 575 3374; x_wconf 80' lang='grc' dir='ltr'>οὖ</span> <span class='ocrx_word' id='word_1_249' title='bbox 589 3314 661 3398; x_wconf 72' lang='grc' dir='ltr'>πρὸς</span> <span class='ocrx_word' id='word_1_250' title='bbox 679 3311 806 3390; x_wconf 57' lang='lat' dir='ltr'>emoliri,</span> <span class='ocrx_word' id='word_1_251' title='bbox 822 3315 852 3374; x_wconf 77' lang='grc' dir='ltr'>οὐ</span> <span class='ocrx_word' id='word_1_252' title='bbox 871 3313 943 3397; x_wconf 66' lang='grc' dir='ltr'>πρὸς</span> <span class='ocrx_word' id='word_1_253' title='bbox 956 3314 988 3374; x_wconf 84' lang='lat' dir='ltr'>ri</span> <span class='ocrx_word' id='word_1_254' title='bbox 1002 3317 1118 3398; x_wconf 76' lang='grc' dir='ltr'>ςρατιοὶς</span> <span class='ocrx_word' id='word_1_255' title='bbox 1132 3317 1181 3391; x_wconf 69' lang='grc' dir='ltr'>ἐξ·</span> 
     </span>
     <span class='ocr_line' id='line_1_31' title="bbox 150 3403 1181 3500; baseline -0.001 -22"><span class='ocrx_word' id='word_1_256' title='bbox 150 3416 276 3496; x_wconf 56' lang='lat' dir='ltr'>miffar·</span> <span class='ocrx_word' id='word_1_257' title='bbox 300 3418 329 3476; x_wconf 82' lang='lat' dir='ltr'>ori</span> <span class='ocrx_word' id='word_1_258' title='bbox 350 3415 424 3500; x_wconf 68' lang='grc' dir='ltr'>πρὸς</span> <span class='ocrx_word' id='word_1_259' title='bbox 445 3418 513 3476; x_wconf 73' lang='grc' dir='ltr'>θεῶν</span> <span class='ocrx_word' id='word_1_260' title='bbox 531 3417 621 3494; x_wconf 70' lang='grc' dir='ltr'>τιμὴν,</span> <span class='ocrx_word' id='word_1_261' title='bbox 641 3417 670 3475; x_wconf 78' lang='grc' dir='ltr'>οὐ</span> <span class='ocrx_word' id='word_1_262' title='bbox 684 3403 758 3499; x_wconf 56' lang='lat' dir='ltr'>arpi}</span> <span class='ocrx_word' id='word_1_263' title='bbox 769 3439 798 3476; x_wconf 82' lang='lat' dir='ltr'>rr</span> <span class='ocrx_word' id='word_1_264' title='bbox 810 3422 864 3476; x_wconf 79' lang='grc' dir='ltr'>τῶν</span> <span class='ocrx_word' id='word_1_265' title='bbox 878 3411 1065 3499; x_wconf 67' lang='grc' dir='ltr'>συμφερόντων</span> <span class='ocrx_word' id='word_1_266' title='bbox 1080 3414 1181 3499; x_wconf 73' lang='grc' dir='ltr'>ἓτερον,</span> 
     </span>
     <span class='ocr_line' id='line_1_32' title="bbox 149 3510 1183 3599; baseline -0.001 -20"><span class='ocrx_word' id='word_1_267' title='bbox 149 3517 215 3579; x_wconf 68' lang='grc' dir='ltr'>ἀλλ’</span> <span class='ocrx_word' id='word_1_268' title='bbox 239 3513 254 3591; x_wconf 77' lang='grc' dir='ltr'>ἢ</span> <span class='ocrx_word' id='word_1_269' title='bbox 275 3515 348 3599; x_wconf 71' lang='grc' dir='ltr'>πρὸς</span> <span class='ocrx_word' id='word_1_270' title='bbox 367 3512 446 3594; x_wconf 78' lang='grc' dir='ltr'>μόνον</span> <span class='ocrx_word' id='word_1_271' title='bbox 466 3514 498 3576; x_wconf 76' lang='grc' dir='ltr'>τὸ</span> <span class='ocrx_word' id='word_1_272' title='bbox 519 3517 644 3599; x_wconf 71' lang='grc' dir='ltr'>ἀριθμεῖν</span> <span class='ocrx_word' id='word_1_273' title='bbox 665 3514 712 3575; x_wconf 77' lang='grc' dir='ltr'>καὶ</span> <span class='ocrx_word' id='word_1_274' title='bbox 737 3512 966 3596; x_wconf 68' lang='grc' dir='ltr'>καταλογίζεθσρ</span> <span class='ocrx_word' id='word_1_275' title='bbox 989 3510 1084 3574; x_wconf 78' lang='grc' dir='ltr'>ὅποσον</span> <span class='ocrx_word' id='word_1_276' title='bbox 1106 3513 1183 3592; x_wconf 76' lang='grc' dir='ltr'>ἄξιον</span> 
     </span>
     <span class='ocr_line' id='line_1_33' title="bbox 149 3613 1182 3698; baseline -0.001 -18"><span class='ocrx_word' id='word_1_277' title='bbox 149 3616 282 3698; x_wconf 74' lang='grc' dir='ltr'>νόμισμα.</span> <span class='ocrx_word' id='word_1_278' title='bbox 315 3615 477 3679; x_wconf 72' lang='lat' dir='ltr'>Caeterum</span> <span class='ocrx_word' id='word_1_279' title='bbox 495 3614 609 3677; x_wconf 88' lang='lat' dir='ltr'>ultima</span> <span class='ocrx_word' id='word_1_280' title='bbox 627 3613 789 3678; x_wconf 87' lang='lat' dir='ltr'>Plutarchi</span> <span class='ocrx_word' id='word_1_281' title='bbox 804 3615 909 3692; x_wconf 86' lang='lat' dir='ltr'>verba,</span> <span class='ocrx_word' id='word_1_282' title='bbox 928 3614 1001 3677; x_wconf 76' lang='grc' dir='ltr'>ἄλλο</span> <span class='ocrx_word' id='word_1_283' title='bbox 1022 3616 1130 3678; x_wconf 66' lang='lat' dir='ltr'>soilli</span> <span class='ocrx_word' id='word_1_284' title='bbox 1146 3622 1182 3692; x_wconf 72' lang='grc' dir='ltr'>εἰς</span> 
     </span>
     <span class='ocr_line' id='line_1_34' title="bbox 148 3713 1181 3801; baseline 0.001 -22"><span class='ocrx_word' id='word_1_285' title='bbox 148 3719 235 3794; x_wconf 78' lang='grc' dir='ltr'>ὄνησιν</span> <span class='ocrx_word' id='word_1_286' title='bbox 260 3717 306 3779; x_wconf 80' lang='grc' dir='ltr'>ἀπ’</span> <span class='ocrx_word' id='word_1_287' title='bbox 329 3721 417 3779; x_wconf 75' lang='grc' dir='ltr'>αὐτῶν</span> <span class='ocrx_word' id='word_1_288' title='bbox 436 3713 583 3795; x_wconf 70' lang='grc' dir='ltr'>τιθέμενοι,</span> <span class='ocrx_word' id='word_1_289' title='bbox 611 3713 724 3798; x_wconf 78' lang='lat' dir='ltr'>possint</span> <span class='ocrx_word' id='word_1_290' title='bbox 746 3713 848 3798; x_wconf 86' lang='lat' dir='ltr'>accipi</span> <span class='ocrx_word' id='word_1_291' title='bbox 872 3735 928 3798; x_wconf 88' lang='lat' dir='ltr'>per</span> <span class='ocrx_word' id='word_1_292' title='bbox 954 3715 1076 3791; x_wconf 71' lang='lat' dir='ltr'>melin,</span> <span class='ocrx_word' id='word_1_293' title='bbox 1099 3715 1181 3801; x_wconf 90' lang='lat' dir='ltr'>jun-</span> 
     </span>
     <span class='ocr_line' id='line_1_35' title="bbox 147 3814 1180 3906; baseline -0.002 -24"><span class='ocrx_word' id='word_1_294' title='bbox 147 3818 254 3906; x_wconf 83' lang='lat' dir='ltr'>genda</span> <span class='ocrx_word' id='word_1_295' title='bbox 275 3815 494 3904; x_wconf 76' lang='lat' dir='ltr'>praepositione</span> <span class='ocrx_word' id='word_1_296' title='bbox 508 3837 584 3878; x_wconf 87' lang='lat' dir='ltr'>curn</span> <span class='ocrx_word' id='word_1_297' title='bbox 599 3815 705 3892; x_wconf 81' lang='lat' dir='ltr'>verbu,</span> <span class='ocrx_word' id='word_1_298' title='bbox 724 3815 756 3878; x_wconf 93' lang='lat' dir='ltr'>in</span> <span class='ocrx_word' id='word_1_299' title='bbox 776 3814 977 3894; x_wconf 76' lang='grc' dir='ltr'>ἀποτιθέμενοι,</span> <span class='ocrx_word' id='word_1_300' title='bbox 1000 3815 1116 3880; x_wconf 84' lang='grc' dir='ltr'>οινΙΙιιιιι</span> <span class='ocrx_word' id='word_1_301' title='bbox 1132 3824 1180 3880; x_wconf 86' lang='lat' dir='ltr'>e&#39;o-</span> 
     </span>
     <span class='ocr_line' id='line_1_36' title="bbox 148 3915 1181 4006; baseline 0 -23"><span class='ocrx_word' id='word_1_302' title='bbox 148 3946 214 3984; x_wconf 84' lang='lat' dir='ltr'>rum</span> <span class='ocrx_word' id='word_1_303' title='bbox 232 3931 348 4006; x_wconf 82' lang='lat' dir='ltr'>partem</span> <span class='ocrx_word' id='word_1_304' title='bbox 369 3917 401 3979; x_wconf 82' lang='lat' dir='ltr'>in</span> <span class='ocrx_word' id='word_1_305' title='bbox 422 3917 505 4001; x_wconf 73' lang='lat' dir='ltr'>usion</span> <span class='ocrx_word' id='word_1_306' title='bbox 525 3927 713 4002; x_wconf 78' lang='lat' dir='ltr'>reponentes:</span> <span class='ocrx_word' id='word_1_307' title='bbox 737 3917 825 3979; x_wconf 82' lang='lat' dir='ltr'>sensu</span> <span class='ocrx_word' id='word_1_308' title='bbox 841 3915 932 3979; x_wconf 87' lang='lat' dir='ltr'>simili</span> <span class='ocrx_word' id='word_1_309' title='bbox 945 3931 1042 4002; x_wconf 89' lang='lat' dir='ltr'>atque</span> <span class='ocrx_word' id='word_1_310' title='bbox 1057 3918 1089 3981; x_wconf 92' lang='lat' dir='ltr'>in</span> <span class='ocrx_word' id='word_1_311' title='bbox 1107 3921 1181 3983; x_wconf 89' lang='lat' dir='ltr'>Ho-</span> 
     </span>
     <span class='ocr_line' id='line_1_37' title="bbox 148 4016 1182 4107; baseline -0.001 -21"><span class='ocrx_word' id='word_1_312' title='bbox 148 4022 270 4087; x_wconf 88' lang='lat' dir='ltr'>ratiano</span> <span class='ocrx_word' id='word_1_313' title='bbox 284 4022 344 4105; x_wconf 84' lang='lat' dir='ltr'>Ep.</span> <span class='ocrx_word' id='word_1_314' title='bbox 361 4019 388 4081; x_wconf 88' lang='grc' dir='ltr'>Ι.</span> <span class='ocrx_word' id='word_1_315' title='bbox 407 4038 435 4080; x_wconf 89' lang='lat'>1.</span> <span class='ocrx_word' id='word_1_316' title='bbox 453 4037 492 4083; x_wconf 82' lang='lat'>12</span> <span class='ocrx_word' id='word_1_317' title='bbox 506 4042 514 4080; x_wconf 72' lang='grc' dir='ltr'>τ</span> <span class='ocrx_word' id='word_1_318' title='bbox 541 4016 638 4080; x_wconf 74' lang='lat' dir='ltr'>Cowlo</span> <span class='ocrx_word' id='word_1_319' title='bbox 650 4027 678 4079; x_wconf 85' lang='lat' dir='ltr'>et</span> <span class='ocrx_word' id='word_1_320' title='bbox 692 4032 834 4104; x_wconf 72' lang='lat' dir='ltr'>compotu,</span> <span class='ocrx_word' id='word_1_321' title='bbox 849 4041 918 4104; x_wconf 79' lang='lat' dir='ltr'>quae</span> <span class='ocrx_word' id='word_1_322' title='bbox 935 4042 1001 4082; x_wconf 74' lang='lat' dir='ltr'>mox</span> <span class='ocrx_word' id='word_1_323' title='bbox 1016 4020 1182 4107; x_wconf 74' lang='lat' dir='ltr'>depromere</span> 
     </span>
     <span class='ocr_line' id='line_1_38' title="bbox 146 4118 1181 4212; baseline 0.002 -28"><span class='ocrx_word' id='word_1_324' title='bbox 146 4123 257 4212; x_wconf 71' lang='lat' dir='ltr'>ppffim.</span> <span class='ocrx_word' id='word_1_325' title='bbox 294 4122 376 4184; x_wconf 90' lang='lat' dir='ltr'>Item</span> <span class='ocrx_word' id='word_1_326' title='bbox 399 4119 431 4182; x_wconf 91' lang='lat' dir='ltr'>in</span> <span class='ocrx_word' id='word_1_327' title='bbox 455 4119 510 4183; x_wconf 94' lang='lat' dir='ltr'>illo</span> <span class='ocrx_word' id='word_1_328' title='bbox 535 4118 696 4183; x_wconf 86' lang='lat' dir='ltr'>Plutarchi</span> <span class='ocrx_word' id='word_1_329' title='bbox 719 4120 830 4206; x_wconf 75' lang='lat' dir='ltr'>Pyrrh.</span> <span class='ocrx_word' id='word_1_330' title='bbox 854 4141 886 4205; x_wconf 90' lang='lat' dir='ltr'>p.</span> <span class='ocrx_word' id='word_1_331' title='bbox 901 4141 976 4201; x_wconf 90' lang='lat'><strong>400.</strong></span> <span class='ocrx_word' id='word_1_332' title='bbox 991 4125 1042 4185; x_wconf 80' lang='lat' dir='ltr'>A:</span> <span class='ocrx_word' id='word_1_333' title='bbox 1071 4123 1181 4210; x_wconf 76' lang='grc' dir='ltr'>Πύρρος</span> 
     </span>
     <span class='ocr_line' id='line_1_39' title="bbox 148 4221 1181 4308; baseline -0.001 -20"><span class='ocrx_word' id='word_1_334' title='bbox 148 4226 262 4288; x_wconf 77' lang='grc' dir='ltr'>-οὐδὲι</span> <span class='ocrx_word' id='word_1_335' title='bbox 283 4227 318 4297; x_wconf 80' lang='grc' dir='ltr'>εἰς</span> <span class='ocrx_word' id='word_1_336' title='bbox 337 4221 351 4285; x_wconf 79' lang='grc' dir='ltr'>ὃ</span> <span class='ocrx_word' id='word_1_337' title='bbox 368 4224 404 4286; x_wconf 77' lang='lat' dir='ltr'>lai</span> <span class='ocrx_word' id='word_1_338' title='bbox 423 4221 514 4301; x_wconf 54' lang='lat' dir='ltr'>siuas</span> <span class='ocrx_word' id='word_1_339' title='bbox 531 4229 584 4286; x_wconf 80' lang='grc' dir='ltr'>τῶν</span> <span class='ocrx_word' id='word_1_340' title='bbox 598 4221 775 4308; x_wconf 72' lang='grc' dir='ltr'>ἑποιρχὸντνιν</span> <span class='ocrx_word' id='word_1_341' title='bbox 789 4221 938 4296; x_wconf 74' lang='grc' dir='ltr'>σώσεις-·</span> <span class='ocrx_word' id='word_1_342' title='bbox 961 4221 994 4287; x_wconf 92' lang='lat' dir='ltr'>id</span> <span class='ocrx_word' id='word_1_343' title='bbox 1013 4223 1068 4303; x_wconf 82' lang='lat' dir='ltr'>est,</span> <span class='ocrx_word' id='word_1_344' title='bbox 1082 4224 1181 4299; x_wconf 80' lang='grc' dir='ltr'>πῶοας</span> 
     </span>
    </p>
   </div>
   <div class='ocr_carea' id='block_1_3' title="bbox 0 0 1350 4770">
    <p class='ocr_par' dir='ltr' id='par_1_3' title="bbox 0 0 1350 4770">
     <span class='ocr_line' id='line_1_40' title="bbox 0 0 1350 4770; baseline 0 1"><span class='ocrx_word' id='word_1_345' title='bbox 0 0 1350 4770; x_wconf 95' lang='lat' dir='ltr'> </span> 
     </span>
    </p>
   </div>
  </div>
 </body>
</html>
