2692 4770
251 302 317 370 99⁰
444 295 484 353 D.
496 296 548 352 W.
567 295 775 354 ANIMADV.
795 294 843 352 ΙΝ
863 283 1093 354 PLUTARCHI

255 448 402 521 meminit
418 455 604 522 Plutarchus
622 457 716 521 verbo
736 457 880 545 Sympos.
894 458 953 520 Vl.
969 478 1001 542 p.
1013 473 1088 538 724.
1099 452 1281 538 B2uberius

255 558 287 623 in
302 559 383 623 libro
395 561 447 624 De
462 558 584 646 Pythiae
604 557 749 624 Oraculis
768 578 802 645 p.
816 579 892 644 399.
908 560 955 622 E:
980 563 1007 620 ἐν
1023 559 1050 620 δὲ
1071 561 1112 642 τῷ
1132 555 1281 642 Κορινθίαν

254 658 319 745 einp
333 662 378 722 τὸν
392 659 498 740 φοίνικα
516 661 658 742 θεωμένοις
675 664 721 725 τδν
736 670 877 748 χαλκοῦν,
898 660 980 747 ὅσπερ
999 660 1037 723 ἔτι
1056 659 1148 734 λοισίς
1166 663 1207 732 ἔτι
1229 667 1282 722 τῶν

253 749 449 844 ἀναθημάτων,
473 769 497 824 οί
517 764 583 847 ωορδ
608 767 656 841 τὴν
677 762 752 849 ῥίζαι
776 763 977 850 ίντοριευίμινοι
1002 762 1146 847 βάτραχοι
1168 762 1189 846 νδ
1211 758 1282 847 ίδρυι

252 868 352 944 θαῦμα
364 869 404 947 τῷ
418 870 584 950 Διογενιανῷ
598 869 750 951 παρεῖχον,
765 863 861 947 ίιριὲλα
874 865 901 926 δὲ
915 861 962 942 καί
978 866 1050 943 ἡμῖν·
1074 860 1204 948 οὔτεγὰρ
1219 859 1279 940 φοί-

251 965 305 1042 νιξ,
326 966 361 1037 ὥς
381 963 460 1048 ἕτερα
483 965 585 1050 δένδρα,
606 964 730 1047 λιμναῖίν
751 969 790 1038 ks
813 963 859 1045 nol
880 964 1003 1050 φίλυδρον
1024 966 1116 1042 φυτὸν,
1136 960 1196 1026 orire
1218 968 1280 1026 Kc·

251 1066 360 1154 ρινθίοις
377 1067 404 1128 τί
418 1066 560 1155 βάτραχοι
573 1069 759 1154 σροσήιιυσιν,
780 1065 832 1141 οδες
851 1064 989 1150 σιίμέολον
1001 1066 1017 1144 ί]
1031 1067 1203 1152 παράσημον
1217 1065 1282 1138 εἶναι

251 1174 298 1244 τῆς
320 1167 446 1241 πίλους·
465 1168 526 1232 alia
548 1191 622 1233 mox
643 1169 771 1256 quaestio
793 1184 937 1234 movetur
959 1167 1074 1232 ibidem
1095 1189 1126 1253 p.
1139 1187 1214 1248 400.
1228 1167 1279 1231 D:

250 1270 280 1333 τί
294 1273 323 1348 δὴ
336 1271 383 1332 τὸν
397 1269 478 1347 alnov,
490 1273 519 1332 ori
533 1269 654 1345 Κυδίλυ
668 1276 704 1334 τῦ
718 1269 874 1348 ἀναθίντυς,
889 1274 967 1335 ἄλλα
982 1269 1130 1354 Κορινθίαν
1144 1267 1246 1350 ίυομᾶζ
1265 1306 1280 1320 -

250 1397 315 1462 σιν;
343 1371 436 1459 cujus
451 1371 565 1436 solutio
581 1372 734 1458 deinceps
753 1372 894 1459 subjedla
908 1395 947 1436 ex
961 1371 1028 1456 ipso
1048 1371 1129 1434 libro
1143 1357 1280 1456 cognos-

250 1483 353 1538 catur.
392 1472 578 1537 Plutarchus
592 1472 670 1537 dicit
689 1473 770 1551 οἶκον,
786 1497 882 1560 quem
904 1487 938 1538 et
959 1472 1024 1559 ipse
1045 1487 1079 1537 et
1099 1471 1152 1536 alii
1168 1472 1283 1535 dicunt

249 1576 397 1659 θησαυρὸν,
418 1573 608 1659 peculiarem
624 1572 801 1638 ¹aediculam
826 1573 984 1638 et’loeum
1004 1573 1036 1636 in
1059 1573 1181 1658 templo
1199 1573 1281 1637 Del·

251 1675 360 1767 pineo,
380 1674 435 1740 ubi
457 1674 638 1761 singillatim
658 1675 711 1739 alii
730 1673 840 1762 populi
856 1690 890 1738 et
905 1697 995 1761 reges
1010 1675 1063 1738 sua
1077 1674 1207 1739 donaria
1220 1696 1282 1760 po·

251 1778 388 1842 fuerant.
423 1775 475 1841 Sic
494 1775 559 1861 ipse
580 1774 699 1840 ibidem
719 1776 759 1840 de
778 1777 841 1840 hoc
867 1776 993 1863 Cypseli
1014 1775 1167 1839 donario:
1191 1782 1282 1851 -τῆς

249 1878 398 1967 τυραννίδος
412 1876 614 1955 καταλυθείσης
628 1876 767 1941 ίὸοίλυιτο
782 1876 1009 1965 Κορίνθιοι-κα)
1021 1880 1067 1940 τδν
1081 1882 1202 1941 ἐνταῦθα
1215 1903 1281 1942 του·

249 1981 304 2046 τινί
319 1982 455 2067 θησαυρὸν
469 1978 622 2065 ἐπιγράψαι
640 1984 687 2055 τῆς
704 1978 827 2053 πόλεως.
864 1977 1050 2042 Herodotus
1074 1981 1131 2041 IV.
1149 1980 1231 2058 ¹162:
1255 1982 1283 2041 ir

249 2090 289 2170 τῷ
313 2080 461 2169 Κορινθίαν
483 2086 624 2165 θησαυρῷ.
665 2067 829 2144 Pausanias
853 2083 897 2145 X.
923 2099 978 2164 13:
995 2080 1188 2171 y—Koplrhror
1208 2081 1236 2142 δί
1258 2087 1282 2143 οί

250 2187 362 2269 Δαριιῖς
379 2181 555 2267 ᾠκοδόμησαν
572 2183 707 2271 θησαυρδν
725 2183 746 2267 νδ
763 2181 855 2245 circi:
879 2181 1012 2245 aliorum
1035 2182 1187 2266 θησαυροὺς
1209 2203 1280 2244 me·

250 2299 355 2351 morat
369 2285 509 2370 superius
523 2305 556 2369 p.
573 2285 647 2369 823.
660 2299 692 2348 ct
709 2283 895 2348 Plutarchus
910 2282 1072 2371 Lysandro
1087 2281 1157 2347 init.
1171 2284 1280 2346 Ἀκαν-

157 2469 160 2474 .
250 2386 316 2450 θίαν
329 2386 476 2472 θησαυρὸς,
499 2399 532 2448 et
554 2404 586 2469 p.
601 2404 676 2470 443.
692 2384 734 2448 A.
748 2406 843 2470 quem
864 2385 916 2449 De
931 2383 1024 2472 Pyth.
1042 2384 1139 2448 Orac.
1155 2406 1189 2470 p.
1203 2404 1282 2464 400.

251 2491 287 2552 F.
301 2486 455 2551 Ἀκανθίων
470 2487 491 2572 'i
507 2485 632 2572 Βρασίδα
647 2485 718 2548 οίνιοι
732 2499 844 2549 vocat:
868 2499 902 2549 et
916 2484 1032 2548 ibidem
1053 2484 1084 2547 iu
1105 2485 1281 2572 Lysandro,

248 2588 402 2652 Ἀκανθίων
417 2588 554 2674 θησαυρὸς
568 2590 593 2649 ἐν
609 2589 726 2668 Δελφοῖς
741 2589 891 2672 ἐπιγραφὴν
911 2586 968 2671 ἔχει
982 2585 1119 2663 τοιαύτην,
1140 2587 1281 2671 Βρασίδας

248 2691 297 2771 καὶ
313 2691 456 2754 Ἀκάνθιοι
471 2690 517 2752 ἀπ’
531 2688 693 2765 Ἀθηναίων·
717 2689 754 2750 διδ
778 2686 825 2765 καί
844 2690 949 2751 πολλοὶ
972 2690 1017 2750 τὸν
1039 2689 1108 2760 ἐντὸς
1128 2694 1218 2759 ίςῶτα
1232 2696 1281 2752 τοῦ

247 2792 322 2860 ,οἴκου
336 2795 419 2876 παρὰ
433 2794 494 2864 ταῖς
507 2790 602 2877 θύραις
620 2789 721 2851 λίθινον
741 2788 885 2875 ἀνδριάντα
908 2787 1032 2875 Βρασίδα
1051 2787 1190 2869 νομίζασιν
1204 2788 1280 2868 τίνας.

252 2893 325 2957 Fuit
348 2890 526 2957 Polemonis
548 2889 750 2955 Athenienfis
773 2912 853 2975 opus
873 2890 941 2974 περὶ
961 2897 1015 2951 τῶν
1038 2894 1064 2952 ἐν
1086 2894 1206 2971 Δελφοῖς
1225 2896 1279 2968 θη.

249 3003 357 3080 σαορῶι
372 2992 459 3078 quod
476 2992 554 3056 citat
575 2991 760 3055 Plutarchus
783 2992 928 3077 Sympos.
944 2992 986 3053 V.
1009 3011 1042 3075 p.
1059 2991 1134 3075 675.
1154 2993 1200 3055 B:
1224 2992 1281 3078 qui

247 3095 353 3183 eidem
378 3092 447 3157 usui
470 3093 634 3157 destinatas
658 3092 816 3179 Olympiae
842 3091 990 3156 aediculas
1013 3093 1099 3167 ναοὺς
1124 3091 1216 3172 dixit,
1245 3107 1282 3157 ut

249 3197 432 3285 colligimus
456 3218 494 3259 ex
516 3194 676 3259 Athenaeo
700 3197 760 3258 Xl.
787 3214 820 3278 p.
836 3212 911 3279 479.
930 3197 963 3257 P.
1007 3195 1215 3280 Frequentius
1238 3197 1281 3260 cst

249 3299 405 3388 θησαυρίςς
429 3298 547 3382 dequo
563 3312 678 3383 praeter
694 3298 737 3360 H.
750 3295 908 3360 Valesrum
924 3295 963 3359 ad
980 3298 1130 3383 Excerpt.
1148 3298 1279 3362 Peiresc.

250 3421 283 3486 p.
304 3417 356 3483 77.
381 3397 528 3486 quaedam
555 3396 676 3459 notavit
700 3395 930 3459 Valckenarius
958 3395 998 3458 ad
1027 3395 1187 3461 Herodot.
1220 3400 1281 3463 IV.

253 3505 324 3566 162.
399 3526 404 3535 ·

296 3604 367 3682 164.
383 3600 422 3663 B.
451 3601 484 3662 οδ
508 3600 600 3675 Μηδὲν
625 3596 832 3682 ἄγαν-*Γνῶθι
860 3598 1122 3683 σαυίίν-’Βγγόα,
1147 3599 1232 3684 maipa
1260 3603 1281 3663 δ’

248 3702 319 3786 ἄτα]
347 3705 427 3766 Haec
449 3700 617 3764 decantata
639 3699 780 3785 quidem,
797 3699 828 3762 in
849 3698 999 3784 Delphici
1015 3699 1125 3784 templi
1142 3700 1282 3787 ingrellu

248 3801 424 3890 proscripta
442 3799 531 3871 fuisse
553 3800 694 3864 constat:
718 3814 751 3862 at
766 3822 829 3862 non
845 3799 922 3862 item
939 3800 1069 3878 constat,
1090 3821 1163 3885 quae
1183 3822 1282 3886 quem

248 3904 433 3992 Sapientem
448 3900 602 3968 sententia
621 3900 784 3965 auderem
806 3899 967 3965 habuerit:
991 3901 1098 3964 minus
1114 3900 1211 3965 etiam
1227 3903 1281 3967 di·

247 4009 329 4073 serte
342 4006 437 4091 vulgo
451 4004 585 4069 traditur
599 4018 655 4069 sut
668 4002 938 4081 animadvertitur,
955 4003 1099 4086 pluresne
1113 4004 1163 4068 his
1175 4006 1280 4070 tribus

245 4133 287 4174 an
317 4108 494 4195 pauciores,
519 4130 564 4170 -an
589 4105 721 4169 omnino
750 4103 800 4166 hae
828 4114 903 4182 tres,
933 4104 1116 4189 proscriptae
1148 4106 1280 4172 fuerint.

248 4213 337 4276 Plato
352 4199 481 4296 quidem
496 4230 560 4273 non
575 4206 627 4270 nifi
642 4205 720 4270 duas
734 4219 890 4269 memorat
905 4204 938 4269 in
955 4208 1129 4295 Protagora
1150 4229 1184 4294 p.
1202 4213 1279 4274 206.
