2692 4770
316 294 1012 379 rrmcrrmsaru‘r.1uarro.arar.a.
1127 293 1184 360 σοι

151 459 236 524 «iria
253 465 393 549 ἆσόςερεῖν
405 468 452 540 τῆς
466 463 583 552 ίκατέριι
598 460 696 553 χρείας
711 462 918 546 καὶδυνάμεως.
956 458 1129 528 Coriolano
1150 481 1187 547 p.

154 580 230 647 234.
246 564 279 628 D
291 590 299 629 r
321 569 414 628 -οὐιι
434 568 476 630 iri
495 565 626 654 κέρδεσιν,
640 570 719 661 aaa?
734 569 765 630 δι’
779 563 855 654 ispo
867 562 914 643 καὶ
926 562 1118 650 περιφρόνησιν
1129 565 1188 637 τοῖς

151 663 271 741 πένησιν
292 667 454 753 ἐπηρεάζων.
495 669 534 732 Τ.
558 660 714 732 Flaminio
738 689 772 755 p.
791 680 866 753 379.
885 668 932 730 B:
961 664 1112 752 έπηρεᾶζιει
1130 667 1190 738 τοῖς

150 767 385 854 εἐριςοκρατικοῖς,
408 767 495 833 staca
514 771 561 833 τδν
578 772 659 852 δῆμον
676 776 770 833 ntra
782 768 961 851 ίηφίσαθιη.
996 763 1135 832 Lucullo
1152 785 1187 851 p.

149 881 230 957 520.
245 869 293 932 B:
320 867 464 935 κασίέαινι
488 872 509 933 δ’
536 875 661 949 είς-σὴν
675 869 846 956 σύγκλητον,
866 873 888 934 εί
905 867 1040 951 flamia
1055 871 1118 931 τινὰ
1134 865 1188 933 δέοι

150 970 258 1048 σσιιδὴι
271 968 287 1047 ί
302 970 461 1053 φιλοτιμίαν
473 972 673 1058 ίιεηριοέσοη-.
709 969 857 1059 Agcfilao
869 993 903 1057 p.
915 985 992 1057 599.
1005 969 1033 1032 Ε
1044 990 1054 1032 r
1075 975 1130 1032 τῶν
1142 969 1188 1030 έν·

151 1069 350 1156 τυγχανόντων
364 1069 410 1152 καὶ
423 1071 550 1154 δεομένων
565 1070 608 1148 οδς
628 1071 743 1137 αἴθοπι
761 1071 912 1158 Λυσάνδρῳ
924 1070 1037 1154 μάλιςα
1048 1067 1188 1132 moros-

150 1192 219 1249 τας,
237 1171 384 1258 ἀπράκτοις
401 1173 555 1256 ἀπέπεμπε·
579 1172 626 1253 καὶ
644 1174 711 1261 περί
731 1177 782 1248 uu
800 1171 901 1261 κρίσεις
919 1169 1015 1253 δμοίως
1034 1169 1071 1244 οίς
1092 1171 1191 1245 sarim

151 1271 306 1356 έσηρεέζοι,
325 1273 424 1349 τσέσιις
443 1274 491 1339 ἔδει
512 1274 603 1339 πλέον
624 1274 740 1361 ἔχοντας
752 1276 895 1339 οέσιλδεῖν.
931 1270 1043 1338 Rarius
1063 1269 1189 1337 dietum

152 1372 307 1459 δεηρεᾶζειν
326 1381 426 1460 έαυσῷ,
452 1375 485 1439 in
509 1375 606 1441 Fabio
628 1377 718 1440 Max.
745 1396 778 1461 p.
795 1375 867 1461 185.
882 1374 931 1440 Βι
957 1373 1054 1455 ἤλπιζε
1078 1372 1190 1454 μηδινδς

148 1475 305 1560 μαχομένου
329 1478 390 1558 μηδ’
412 1479 574 1560 ἐρεθίζοντος
597 1480 643 1543 air
663 1476 802 1558 Ἀννίὸαν,
823 1478 904 1540 aricia
925 1474 1079 1563 δεηρείισειν
1100 1477 1191 1560 saura}

154 1573 203 1654 rw)
217 1575 461 1663 ιιασασριέῆσεᾶδση
474 1582 541 1667 σσερδ
554 1582 601 1645 σδν
612 1579 751 1663 πόλεμον.
783 1578 931 1644 Aliorum
949 1576 1040 1643 locos
1054 1595 1189 1641 numero

155 1677 276 1744 notasse
299 1678 374 1744 satie
391 1681 456 1745 est:
486 1706 516 1746 v.
531 1704 561 1749 c.
598 1681 743 1747 Aristidis
764 1682 804 1746 T.
825 1683 853 1745 l.
877 1702 911 1766 p.
928 1696 1004 1765 523.
1019 1680 1096 1764 563.
1110 1676 1188 1763 566.

152 1777 195 1843 T.
213 1780 257 1843 11.
267 1802 307 1866 .p.
321 1782 397 1866 308.
412 1801 488 1869 329.
524 1783 592 1847 Post
613 1782 814 1868 Stephanum
834 1780 929 1846 Thes.
949 1782 988 1845 L.
1005 1782 1065 1845 Gr.
1084 1777 1188 1843 lodic.

155 1900 191 1965 p.
208 1899 283 1967 915.
299 1885 374 1969 916.
397 1883 523 1971 copiose
543 1884 584 1949 de
602 1883 665 1949 hoc
680 1885 789 1949 Verbo
808 1883 877 1970 egit
891 1881 1031 1949 Waffius
1043 1879 1085 1946 ad
1098 1879 1190 1946 Thu·

154 1981 307 2070 cydidem
332 1986 361 2049 1.
377 1986 438 2051 26:
462 1986 564 2050 multa
587 1984 676 2049 dedit
697 1984 895 2052 Wetstenius
912 1982 953 2049 ad
973 1981 1126 2047 Matthaei
1146 1982 1189 2049 V.

154 2105 211 2167 44.
247 2086 300 2151 De
313 2087 454 2153 Nomine
468 2087 575 2175 έεῆςαα
589 2086 672 2153 insra
684 2086 840 2159 dicemus.

194 2206 275 2274 135.
289 2193 329 2255 E.
352 2189 614 2278 Δημόκριτον-καί
630 2189 845 2275 Θείφραςις-]
874 2187 1046 2275 Utriusque
1064 2189 1191 2255 senten·

155 2289 236 2356 tiam
251 2289 406 2378 integrius
420 2292 609 2379 uberiusque
622 2292 770 2379 apposuit
786 2291 975 2357 Plutarchus
993 2292 1045 2356 De
1058 2290 1190 2368 Anima,

156 2393 286 2477 Fragm.
306 2394 334 2456 1.
351 2411 390 2456 a:
411 2416 484 2479 quae
502 2393 546 2459 ibi
567 2393 726 2481 legantur.
761 2392 968 2479 Theophrasti
989 2391 1110 2457 dictum
1132 2390 1191 2456 ad·

157 2493 266 2558 hibuit
285 2494 382 2559 etiam
398 2495 594 2583 Porphyrius
616 2496 668 2560 De
686 2494 887 2561 Abstinentia
910 2494 968 2560 lV.
985 2513 1038 2561 20.
1058 2514 1092 2580 p.
1106 2509 1191 2580 373:

155 2597 280 2660 -εσυλδ
299 2598 331 2660 εδ
353 2595 472 2676 ένοίιιιυν,
494 2595 529 2672 ὥς
547 2595 615 2680 φησί
629 2623 670 2661 aa
688 2596 860 2682 Θείφραςυς,
880 2601 920 2680 τῷ
941 2595 1053 2677 σώμασι
1074 2594 1193 2672 διδυιίσης

153 2682 205 2776 ’.ης
219 2701 373 2786 ψυχης-ο
396 2700 505 2787 attigit
520 2701 619 2768 etiam
634 2703 746 2766 rane.
763 2699 916 2765 ramerus
931 2698 1118 2764 orseuffion.
1132 2700 1193 2765 1³0-

156 2800 288 2886 ripatet.
302 2802 346 2866 X.
368 2823 402 2888 p.
420 2822 492 2867 101.
503 2814 541 2867 'et
553 2806 619 2870 Jer.
634 2801 847 2884 Marklandua
862 2799 904 2866 ad
916 2801 1063 2888 Euripid.
1078 2800 1193 2890 Suppi.

156 2920 234 2986 535.
248 2924 435 2990 comparans
450 2926 525 2969 cum
541 2903 680 2969 dictione
695 2907 828 2984 ἑνοιοιῆσιη
841 2901 913 2984 βίον.
942 2902 1032 2990 Quid
1046 2902 1083 2968 s1t
1096 2903 1193 2968 ιιοίιιιο-

157 3028 202 3078 σις
217 3017 252 3068 et
265 3003 334 3091 ejus
348 3003 420 3084 δίκη,
435 3006 615 3070 notavimus
634 3004 676 3069 ad
696 3026 729 3090 p.
747 3024 818 3072 121.
835 3006 881 3069 Er
905 3004 1023 3091 quibua
1040 3004 1195 3071 adhibea-

158 3118 213 3170 tur
227 3107 463 3192 Harpocration
478 3107 602 3173 invoca
620 3107 791 3187 Κακώσεως,
813 3120 847 3172 et
868 3107 915 3172 H.
928 3107 1070 3173 Valesrus
1091 3130 1125 3194 p.
1138 3128 1194 3189 42.

158 3208 258 3296 Quod
281 3209 516 3296 Theophrastus
539 3211 603 3275 hoc
625 3209 725 3275 edixit
745 3214 771 3273 έν
794 3215 949 3296 μεταφορᾷ,
972 3232 1036 3275 non
1058 3211 1102 3274 est
1124 3210 1196 3275 haec

158 3310 320 3376 rhetorica
341 3312 443 3398 figura
464 3314 646 3400 metaphora,
666 3335 730 3398 qua
748 3313 937 3377 vocabulum
958 3325 1090 3400 propter
1111 3311 1195 3377 simi-

159 3411 331 3477 litudinem
359 3413 401 3478 ad
428 3413 523 3478 aliam
553 3436 622 3479 ram
649 3412 885 3500 fignificandam
912 3414 1114 3492 transfertur,
1142 3413 1197 3479 sed

161 3513 319 3603 trarssatio
336 3515 477 3580 criminis
492 3515 523 3580 in
540 3515 651 3596 alium,
667 3515 888 3601 reciprocatio,
903 3538 967 3602 qua
984 3515 1143 3582 accusatio
1163 3515 1197 3583 io

144 3617 377 3686 'accusatorem
398 3631 623 3705 retorquetur:
647 3616 827 3705 cujusmodi
849 3618 939 3682 notio
959 3620 1003 3684 esi
1025 3616 1197 3707 transtatio-

160 3722 208 3786 m‘s
226 3720 312 3807 apud
332 3720 586 3809 Quinctiliaoum
607 3722 669 3786 111.
686 3722 718 3784 6.
755 3719 857 3807 Apud
872 3722 1002 3785 Graecoe
1017 3721 1124 3790 minua
1137 3723 1198 3788 ob·

161 3825 282 3889 servata
299 3822 508 3910 fignificatio:
532 3823 575 3886 est
594 3821 724 3909 quidem
748 3823 872 3887 mutatio
893 3833 985 3886 motus
1001 3823 1087 3910 apud
1108 3823 1198 3891 Plut-

162 3914 298 3990 archum
320 3925 372 3990 De
395 3924 489 3988 Facie
513 3926 615 3991 Luuae
637 3946 669 4010 p.
686 3943 759 4010 923.
776 3923 826 3988 C:
851 3923 953 4010 magis
978 3924 1144 3991 observata
1164 3924 1199 3992 in

160 4027 272 4093 Verbo
292 4024 473 4113 μεταφέρεινι
497 4026 549 4090 De
563 4024 728 4091 Audiendi
744 4025 877 4089 Ratione
900 4045 933 4110 p.
949 4045 1003 4106 40.
1020 4025 1070 4090 Cr
1094 4028 1133 4088 δεῖ
1144 4053 1199 4115 μι·

162 4127 287 4216 σαφέρειν
300 4131 348 4207 τὴν
361 4128 471 4206 εὐθύνην
493 4130 531 4212 ίφ’
551 4129 661 4201 sacraris
676 4129 730 4190 ιἰιεδ
745 4133 792 4189 τοῦ
809 4124 990 4208 λέγονσοςη
1025 4125 1199 4209 Phocione,

164 4230 259 4305 initio
280 4248 354 4315 741.
371 4234 415 4296 F:
447 4231 487 4297 de
508 4228 663 4297 Demadis
685 4228 773 4295 diuo
793 4227 917 4314 -ίλιγι
938 4229 1106 4316 συγγνώμης
1125 4229 1201 4321 σ’ξιιο
