2692 4770
303 291 783 376 11011111111101111110.
803 287 999 369 puseus.
1087 293 1162 360 1077

135 449 247 532 Hunni,
270 454 351 534 eluet,
371 464 400 523 οὐ
421 456 586 545 mappmipu
605 482 659 521 mos
679 453 841 544 rgandprmt
863 461 955 527 uexit
976 455 1057 540 loen
1077 452 1161 535 ἡμᾶς.

134 554 255 619 Seneca
270 557 320 622 De
337 559 386 622 Ira
405 560 468 622 111.
485 576 544 625 222
571 557 656 644 Quid
679 558 755 620 enim
765 554 896 642 facilius
906 554 978 642 fuit
994 552 1160 640 Antigono,
1184 544 1189 551 ’

133 678 222 741 quom
237 659 307 722 duos
320 660 518 749 manipulares
532 662 599 726 duci
608 663 726 747 jubere,
742 661 793 748 qui
807 658 1000 724 incumbentes
1013 655 1094 742 regio
1108 665 1158 718 tn·

133 755 285 822 lernaeulo
295 759 466 845 faciebant,
487 762 567 848 qrtad
585 761 710 826 homines
725 772 753 825 et
770 757 1000 848 perintlofiffime
1015 768 1045 819 et
1062 753 1158 820 liboe-

130 854 232 940 liffime
241 857 378 942 sariunt,
393 860 429 923 de
442 884 511 948 rege
520 864 578 948 suo
593 861 668 925 male
682 859 876 946 existimant?
897 858 1049 922 Audierat
1062 846 1160 918 amnia

129 957 314 1044 Antigonus,
331 974 428 1047 utpote
441 985 504 1025 eram
524 962 601 1028 inter
619 963 759 1026 dicantem
776 972 805 1023 et
822 959 988 1024 audientem
1004 954 1094 1044 palla
1107 953 1158 1019 im·

129 1059 259 1141 terefflts
281 1084 369 1147 quam
382 1060 435 1125 ille
453 1063 557 1126 leuiter
577 1063 740 1141 commouit,
755 1073 795 1140 et,
810 1058 956 1146 langiu,
972 1057 1080 1144 inquit,
1096 1055 1157 1142 dis-
1176 1146 1178 1151 .

130 1157 232 1238 sedite,
248 1184 283 1223 ne
296 1185 348 1225 uos
360 1186 412 1225 rex
427 1164 546 1228 audiat.
582 1163 669 1228 Huic
688 1162 806 1227 ibidem
825 1162 946 1227 Seneca
964 1156 1157 1224 fimiffimum

128 1258 215 1323 uliud
231 1263 387 1349 Antigoni
402 1265 521 1331 fastum
537 1263 713 1352 subjungit.

174 1362 304 1428 182.st
331 1364 379 1428 nl.
407 1368 586 1451 Ἀρνςοδῆμν]
621 1365 803 1452 Praecipuus
828 1361 987 1452 Antigoni
1012 1359 1154 1442 amicust

126 1461 195 1525 Vrt.
219 1464 363 1530 Demetr.
386 1487 418 1552 p.
436 1468 509 1553 892.
523 1468 567 1531 D.
595 1468 668 1553 896.
689 1469 733 1532 A.
751 1466 791 1532 C.
828 1465 964 1532 Fortasse
985 1462 1039 1528 hic
1060 1462 1157 1530 fuerit

126 1565 209 1629 tilius
231 1568 435 1653 Eutropionis
457 1590 632 1655 coquorum
653 1567 807 1655 praefeui,
829 1566 950 1655 dequo
962 1564 1099 1631 vidimus
1118 1584 1157 1681 ps

129 1685 179 1730 11.
196 1669 238 1731 A.
274 1669 326 1733 Est
351 1684 458 1734 autem
484 1669 644 1758 περίζωμα,
661 1667 900 1757 subligaculum,
914 1668 960 1732 ¹ut
982 1665 1165 1767 hodiequw

125 1781 160 1830 et
173 1767 306 1833 aliorum
328 1770 478 1856 opificum
500 1785 534 1835 et
555 1791 743 1857 coquorum.
780 1768 834 1834 Sic
848 1767 1054 1855 Hegesander
1068 1763 1175 1852 epud'

126 1869 248 1934 Athen.
266 1872 343 1935 VH.
367 1892 403 1957 p..
416 1890 489 1956 290.
511 1872 550 1935 B.
576 1871 699 1935 inducit
719 1869 904 1956 loquentem
924 1890 1086 1955 coquum:
1108 1869 1154 1932 Οὔ

124 1973 183 2056 γὰρ
195 1970 346 2056 παρέργως
361 1971 463 2054 ludios
477 1976 503 2034 ἓν
518 1971 604 2035 ἔτεσιν
617 1970 793 2056 δυεῖνἛχννν
806 1969 948 2057 περίζωμ’,
964 1971 1031 2032 ἀλλ’
1042 1966 1153 2032 ἅπαντα

121 2071 168 2131 τὸν
181 2071 250 2148 βίον.
289 2071 477 2137 Plutarchus
493 2073 605 2161 Symp.
623 2074 682 2139 1v.
705 2094 736 2158 p.
752 2072 826 2137 668.
843 2071 884 2138 C.
912 2072 965 2137 De
981 2072 1061 2157 Rep.
1076 2067 1158 2135 Seni·

124 2171 201 2235 Ger.
217 2172 290 2256 785.
306 2174 351 2238 D.

82 2302 85 2308 ·
169 2271 300 2337 1801).
324 2273 388 2360 νγ’.]
416 2273 631 2339 Anaximenes
652 2271 844 2360 eloquentie
865 2271 1011 2359 magister
1030 2283 1065 2336 et
1087 2269 1158 2336 tn..

123 2371 222 2436 storiae
238 2374 379 2461 scriptor,
394 2376 500 2462 paffim
515 2375 549 2441 in
563 2378 716 2441 Veterum
733 2375 854 2461 scriptis
867 2386 1084 2437 memoratus:
1110 2371 1152 2439 de

121 2493 186 2558 quo
200 2494 240 2537 ex
254 2476 482 2541 recentioribus
502 2476 535 2540 in
555 2476 666 2562 primis
687 2488 823 2562 egerunt
843 2473 968 2540 Voffius
991 2473 1072 2538 Hist.
1090 2474 1150 2538 Gr.

122 2575 150 2636 1.
169 2592 219 2638 10.
242 2596 275 2661 p.
290 2594 344 2661 57.
364 2578 519 2643 Meurfius
533 2577 574 2642 ad
589 2576 790 2642 Chalcidium
813 2595 847 2661 p.
861 2591 915 2660 37.
930 2573 1046 2661 aliique
1060 2571 1168 2649 citati,

120 2675 264 2741 Fabricio
278 2679 316 2742 B.
328 2680 371 2743 G.
385 2679 459 2743 Vol.
473 2681 499 2743 1.
513 2701 547 2766 p.
560 2678 634 2763 815.
650 2690 684 2743 et
699 2679 742 2742 11.
755 2698 789 2763 p.
804 2695 878 2762 209.
901 2676 1011 2741 Dittio
1025 2674 1071 2739 ext
1081 2699 1151 2753 τινος

118 2779 220 2863 λὲγων,
235 2783 278 2846 est
291 2784 335 2846 ad
347 2782 486 2871 aliquem,
501 2797 535 2847 ut
543 2785 689 2872 judicem,
705 2796 759 2846 aut
775 2782 942 2871 presidem,
957 2781 1061 2847 dicere.
1097 2782 1151 2848 Do

119 2882 246 2946 Garml.
271 2906 304 2970 p.
319 2900 394 2968 504.
409 2884 459 2948 C:
483 2885 574 2970 λέγειν
588 2886 669 2948 αὐτὸν
692 2885 751 2967 (τὸν
770 2882 866 2968 λόγον)
888 2883 929 2945 ἰπὶ
947 2891 1002 2946 τῶν
1017 2885 1147 2956 διναςῶν.

118 2981 219 3046 Stoic.
237 2985 315 3070 Rep.
334 3006 367 3071 p.
387 3004 479 3071 1033.
498 2986 546 3050 Bz
569 2984 731 3070 συνηγορίαν
751 2985 794 3048 lsi
808 2986 936 3056 δικαςῶν.
967 2982 1052 3048 Adv.
1068 2981 1147 3070 Epi·

117 3103 186 3147 cur.
205 3103 298 3151 1100.
313 3086 357 3151 A.
387 3087 515 3152 Defett.
530 3088 625 3153 Orac.
638 3105 713 3172 409.
732 3088 768 3150 P.
800 3084 1047 3172 Apophthegm.
1072 3102 1147 3170 205.

117 3184 157 3249 E.
194 3186 262 3250 Vit.
290 3189 360 3251 106.
376 3191 415 3252 E.
441 3192 517 3273 363.
532 3190 571 3252 E.
593 3204 668 3272 479.
683 3189 727 3252 D.
750 3186 824 3272 835.
844 3188 880 3252 F.
908 3178 983 3272 942.
1004 3185 1045 3251 C.
1081 3185 1149 3251 Dio

118 3284 232 3372 Chrys.
256 3288 313 3353 Or.
334 3290 407 3352 XV.
433 3310 465 3375 p.
480 3303 553 3374 235.
568 3290 607 3353 B.
643 3287 795 3353 Aristides
815 3289 855 3352 T.
871 3287 916 3351 11.
939 3308 973 3374 p.
990 3288 1042 3372 85.
1078 3288 1147 3351 Ge·

116 3388 209 3453 lenus
223 3392 261 3454 T.
277 3392 303 3454 Ι.
318 3411 351 3477 p.
365 3408 420 3476 37.
433 3393 473 3454 E.
503 3391 673 3455 Erotiunus
688 3390 765 3456 ibid.
780 3410 813 3477 p.
825 3410 880 3476 31.
897 3389 937 3455 C.
966 3388 1100 3454 Notavit
1113 3401 1149 3456 et

115 3490 343 3577 Weffelingius
365 3491 405 3555 ad
428 3490 564 3557 Diodor.
586 3491 651 3556 Sic.
676 3491 716 3555 T.
740 3492 783 3554 11.
808 3512 842 3577 p.
860 3510 932 3576 153.
967 3491 1084 3556 Versus
1104 3490 1148 3555 est

115 3589 276 3675 Euripidis
297 3613 336 3655 011
359 3590 526 3678 Iphigenia
548 3591 581 3655 in
599 3593 697 3656 Taur.
714 3592 793 3676 787:
815 3590 883 3654 To‘d
898 3592 952 3664 ἑςὶν
969 3594 996 3654 ἄν
1013 3590 1148 3657 δέλτοισιν

115 3691 346 3777 ὒγγηραμμίνα,
361 3694 417 3758 ubi
432 3692 485 3757 hic
502 3692 663 3758 Plutarchi
678 3691 768 3757 loeus
790 3714 855 3757 non
875 3692 960 3780 fugit
974 3691 1145 3759 Marklan-

114 3790 204 3857 dum.
1127 3792 1128 3796 ’

160 3895 232 3957 182.
246 3897 284 3958 Ε.
307 3894 364 3979 sifi]
389 3896 497 3961 Verba
510 3895 624 3960 soloeca
637 3892 823 3959 mutuaris
837 3905 872 3958 et
882 3890 1053 3980 χνονοὸόλνς,
1067 3913 1146 3957 ane·

114 3993 202 4080 logia
215 3995 344 4080 quidem
360 3996 390 4060 se
405 4011 556 4074 tuentur3
577 3996 728 4082 liquidem
748 3993 860 4058 fimitis
877 3994 1069 4082 usurpantur
1086 4008 1156 4057 λεν--

111 4101 256 4176 11817118,
283 4100 456 4184 λειπανδρεῖν,
482 4101 671 4184 λιποψυχεῖν,
696 4102 892 4175 nemausis,
922 4096 1001 4160 item
1033 4093 1147 4177 ἰοέόλος,

111 4195 270 4281 eufodius„
296 4196 440 4273 λνθνὸόλνς
460 4212 494 4264 et
515 4198 598 4271 alies
628 4221 693 4263 non
720 4213 828 4262 tamen
856 4198 915 4264 usu
935 4197 1146 4286 frequentata,

587 4320 677 4388 3²3
