2692 4770
156 304 216 370 704
345 301 385 361 1).
397 302 448 360 W.
468 302 677 362 ANIMADV.
697 300 745 361 IN
765 298 997 362 ruminent
1112 348 1117 357 .

152 461 245 527 aliud
259 485 350 552 qnam
363 464 408 528 ael
419 474 538 528 mortem
553 463 609 529 iter
620 464 687 550 est?
707 464 814 552 “Ego
826 487 890 528 cum
906 459 1000 550 genui
1013 472 1076 525 tum
1093 457 1184 525 mori*

152 570 180 607 ‘¹
193 576 292 628 turum
306 564 422 652 fiiui.''
459 566 579 631 Deinde
590 564 699 654 affecit
713 589 775 630 rom
793 563 957 654 majoritat
976 561 1188 650 pmdeatiaeet

153 667 270 733 animia
296 675 321 711 “
339 668 477 733 Huicrei
487 667 632 755 fiestuli.”
668 670 751 734 Haec
763 666 1059 734 liceraTelamone
1073 664 1185 729 dican-

153 783 218 850 tur,
234 784 272 836 ut
288 771 432 836 novimus
447 792 488 836 ex
502 770 669 840 Ciceronis
681 770 775 837 Tusa.
790 772 853 835 ΠΙ.
867 789 919 855 23.
933 781 967 833 et
983 784 1034 849 14.
1049 779 1087 832 ut
1101 767 1185 832 teile

151 871 280 938 monuit
291 873 446 953 Davifiuo,
458 871 611 938 dicuntur
622 883 729 938 tamen
741 870 908 959 aTragieo
919 870 1048 950 Latino,
1063 881 1101 934 ut
1112 867 1187 933 satis

150 987 284 1060 apparet
296 995 335 1039 ex
349 973 495 1060 proximo
510 973 615 1061 capite
626 992 679 1056 24.
695 972 753 1039 ubi
766 972 881 1039 Cicero
890 971 1052 1058 Euripidis
1066 971 1185 1037 e'l'he-

152 1072 205 1138 seo
226 1073 403 1139 orationem
427 1073 541 1141 Latine
565 1073 713 1155 reddens,
735 1074 799 1140 hoe
819 1072 922 1162 ipsum
944 1072 1096 1153 declarat,
1119 1072 1187 1136 licet

151 1176 240 1257 enim,
267 1188 302 1241 ut
316 1182 403 1268 sape
412 1177 559 1265 facimus,
585 1179 619 1244 in
642 1179 787 1243 Latinum
809 1177 865 1242 itta
887 1189 1076 1242 convertere:
1099 1176 1186 1266 quod

150 1292 343 1366 argmnento
357 1281 401 1345 est
415 1280 660 1348 antecedentem
675 1280 717 1347 de
726 1280 901 1346 Telamone
914 1280 1105 1346 sententiam
1119 1301 1184 1343 non

151 1380 213 1445 elle
238 1381 280 1445 ab
303 1379 370 1468 ipso
393 1383 587 1463 conversam,
607 1380 661 1446 sed
682 1404 701 1447 a
721 1381 859 1469 Tragico
884 1380 1000 1446 Latino
1015 1380 1184 1467 scriptam:

150 1478 205 1546 hic
219 1502 293 1545 vero
307 1479 513 1546 decantatum
533 1482 596 1548 hoc
614 1484 815 1571 Anaxagorae
833 1481 967 1561 fotium,
982 1492 1020 1545 ut
1034 1479 1186 1546 credibile

151 1581 207 1661 eli,
230 1581 264 1646 in
284 1581 493 1647 Telamonem
520 1583 687 1649 transtulit.
735 1583 901 1669 Epilletua
928 1582 1044 1648 eodem
1067 1581 1189 1668 spoliat

153 1681 337 1768 impliciter
350 1705 533 1750 memorans
555 1684 729 1750 dictionem
750 1682 879 1750 Differt.
895 1683 959 1749 111.
976 1702 1028 1764 24.
1051 1704 1085 1770 p.
1100 1696 1185 1767 511:

152 1782 244 1871 Miya
273 1789 332 1873 γὰρ
361 1786 404 1848 iri
428 1786 548 1850 πάντων
565 1789 609 1867 τὸ,
631 1785 727 1874 'illan
752 1787 848 1864 θνητὸν
873 1783 1054 1871 γεγεννηκώς.
1097 1782 1186 1849 Dion

153 1883 313 1973 Chrysali.
328 1886 386 1952 Or.
402 1887 579 1951 XXXVII.
594 1906 626 1972 p.
635 1890 710 1973 464.
723 1887 776 1952 D:
800 1890 851 1976 ἐςῶ
864 1886 959 1971 λόγον,
973 1883 1003 1948 ir
1014 1884 1084 1948 alneu
1096 1884 1186 1947 Ἀνα-

152 1986 277 2073 ξαγὸρας
300 1989 354 2050 ulit
367 1984 574 2067 ἇτοὸεὸληκῶς,
588 1987 684 2075 'illut
704 1989 800 2066 θνητὸν
823 1986 1002 2075 γεγεννηκῶς.
1039 1983 1187 2050 Valerius

153 2087 317 2153 Maximus
337 2091 379 2154 V.
397 2109 446 2153 10.
470 2090 602 2154 Extern.
616 2110 649 2177 3.
673 2088 736 2153 Nee
753 2090 959 2176 Anaxagoras
978 2088 1095 2177 quidem
1105 2088 1186 2174 snp-

146 2187 320 2274 primendus
334 2188 383 2276 est.
412 2191 530 2254 Audita
543 2213 670 2277 numque
681 2201 771 2254 morte
781 2188 864 2278 filii,
878 2187 978 2268 Nihil,
992 2187 1101 2275 inquit,
1115 2185 1189 2250 mihi

152 2289 391 2376 inenspetlatum,
407 2301 462 2355 aut
474 2314 584 2355 trovam
597 2291 740 2354 nuntias:
762 2315 815 2379 ego
829 2292 904 2355 enim
919 2289 1005 2354 illum
1019 2312 1056 2353 en
1068 2312 1114 2353 me
1127 2312 1187 2352 na-

152 2401 215 2454 tum
225 2392 358 2478 Jiiebom
380 2392 541 2457 mortalem.
579 2392 666 2457 Cum
689 2392 860 2458 Plutarcho
880 2393 1013 2480 propius
1034 2390 1187 2478 congruit

153 2493 300 2561 AElianus
315 2495 392 2560 Var.
409 2493 491 2558 Hit.
508 2495 571 2559 ΙΙΙ.
589 2513 620 2561 2.
644 2493 699 2558 nili
720 2494 807 2580 quod
827 2494 908 2560 duoa
925 2506 1083 2559 memorat
1104 2492 1187 2557 filios

153 2594 279 2663 obiillez
303 2595 386 2660 forte
401 2618 439 2660 ex
454 2596 550 2684 hujus
564 2595 664 2662 libelli
679 2596 829 2677 lectione,
843 2612 877 2662 et
891 2598 1027 2684 proximi
1042 2598 1083 2663 de
1098 2598 1186 2664 Peri·

152 2698 204 2763 cle
216 2697 280 2763 loci
293 2719 368 2763 cum
382 2699 445 2762 hoc
459 2697 532 2763 loco
545 2698 664 2763 consus
666 2720 728 2763 one
738 2712 859 2765 ortum.
895 2702 937 2763 Et
957 2699 1011 2764 alii
1025 2722 1185 2764 memora·

151 2812 244 2864 runt.
271 2798 459 2865 Plutarchus
479 2801 566 2885 Opp.
582 2801 670 2864 Mor.
693 2822 726 2886 p.
741 2802 817 2886 463.
831 2802 869 2864 Ε.
892 2816 968 2884 474.
983 2802 1029 2865 D.
1060 2801 1186 2887 Dioge·

153 2921 212 2965 nes
225 2903 333 2965 Laert.
350 2901 394 2963 ll.
412 2920 462 2986 13·
481 2900 563 2965 duos
583 2915 617 2965 et
640 2901 704 2988 ipse
723 2924 893 2966 numerans
908 2901 1009 2966 filios·
1032 2902 1073 2966 ad
1088 2924 1185 2990 quem

150 3001 323 3068 alnetum
338 3001 515 3066 testimonia
529 3003 667 3067 contulit
680 3002 866 3091 Menagius.

196 3102 270 3168 118.
285 3104 323 3166 E.
351 3108 421 3165 Πει
385 3101 629 3189 εριὲΕκκλα-]
581 3103 765 3169 Exeodem
786 3105 876 3169 fonte
899 3127 966 3170 rem
989 3103 1185 3170 haufiffevi·

145 3203 248 3269 v‹letur
261 3202 405 3267 Valerius
419 3203 509 3267 Max.
524 3207 566 3269 V.
586 3224 635 3268 10.
655 3207 729 3269 Ext.
749 3225 785 3268 1·
778 3253 786 3268 .
810 3205 951 3294 Princeps
967 3207 1186 3292 Atheniensium

151 3304 280 3372 Pericles
295 3306 376 3368 intra
391 3305 582 3390 quatriduum
595 3305 707 3368 duobus
721 3305 852 3392 mirfficis
866 3307 1093 3393 adolescentibus
1103 3307 1188 3395 filiis

139 3407 302 3497 spoliatus,
317 3407 354 3470 iis
367 3407 434 3493 ipsis
450 3406 551 3470 diebus
565 3419 593 3471 et
606 3407 696 3470 vultu
712 3406 870 3494 pristinam
884 3408 1016 3473 habitum
1032 3409 1186 3488 retinente,

151 3521 179 3573 et
193 3509 322 3573 oratione
336 3508 473 3571 nullaene
485 3520 575 3596 parte
588 3507 761 3596 infraeiiore
775 3509 960 3573 concionatus
973 3509 1022 3595 est.
1044 3509 1102 3574 tlte
1116 3534 1186 3574 vero

151 3624 241 3700 capnt
260 3638 373 3700 quoque
383 3612 474 3700 solito
487 3637 565 3676 more
579 3626 746 3678 coronatum
764 3637 869 3700 gerere
878 3613 1031 3702 sustinuit,
1053 3629 1088 3679 nt
1108 3614 1189 3680 nibil

149 3740 188 3791 en
201 3729 301 3779 vetere
314 3717 374 3780 ritu
385 3727 503 3805 propter
517 3714 696 3801 domqlicum
709 3715 821 3780 vulnus
836 3718 1013 3783 detraheret.
1042 3717 1186 3806 Nonſsne

148 3820 250 3906 cauffo
263 3819 358 3906 igitur
373 3820 450 3883 tanti
465 3818 573 3883 roboris
587 3818 704 3882 animus
724 3818 769 3881 ud
791 3817 918 3903 Olympii
929 3818 1017 3882 Jovis
1030 3843 1185 3906 cognomen

149 3922 312 4009 neisiendt't.
361 3920 508 3985 AElianus
527 3923 605 3985 Var.
622 3920 704 3984 Hist.
730 3920 789 3982 IX.
805 3922 846 3983 6:
864 3917 933 3982 ’Ότι
950 3925 1089 4006 Περικλῆς
1104 3925 1130 3984 ἐν
1144 3922 1185 4007 τῷ

149 4030 238 4111 λοιμῷ
252 4022 302 4098 τὸς
315 4024 414 4096 παῖδας
428 4019 575 4086 trutannia
590 4021 756 4108 inlpeo‘rela
768 4022 814 4084 rin
828 4019 949 4083 θάνατον
960 4025 1050 4085 αὐτῶν
1059 4024 1183 4108 ἤνεγκεν,

148 4125 195 4205 κα)
208 4127 321 4201 πάντας
334 4124 484 4202 ’Altiaia
499 4123 674 4211 εὐθυμότερον
689 4123 776 4187 inore
794 4121 845 4197 rri5
860 4132 915 4187 rein
936 4125 1076 4208 φιλτάτων
1090 4126 1181 4188 θανά-

146 4252 199 4301 τνς
218 4228 312 4315 φέρειν.
349 4227 455 4294 Aliter
468 4226 539 4292 haec
554 4239 660 4294 narrat
674 4238 707 4292 et
721 4237 839 4314 praeter
853 4224 940 4295 suam
963 4226 1027 4315 ipse
1048 4228 1181 4292 consue-
