2692 4770
242 340 719 402 rrornrunronrnuc.
739 338 927 417 p.17s.n,c.
1019 335 1094 396 roos

69 499 139 565 trio
154 502 333 587 proditores
347 502 555 591 cognovimus
571 504 661 589 supra
678 524 711 590 p.
727 521 780 589 97.
795 502 840 566 D.
875 496 1095 584 Aristophanis

70 602 203 680 versum,
224 603 312 668 nullo
333 605 473 684 auclore,
496 603 628 691 apponit
648 603 713 669 los.
727 601 869 689 Scaliger
888 599 930 664 ad
954 597 1094 685 Priapeia

70 699 179 766 Carth.
204 704 246 767 ll.
263 702 412 793 Ἀγφοικάς
433 710 498 788 εἶμι,
521 710 568 784 τὴν
584 704 703 788 σκάφην,
720 704 828 786 σκάφην
844 701 931 788 λε’γον
953 721 1092 788 eumque

67 823 143 866 curn
158 803 220 869 hoc
238 804 373 893 Philippi
385 806 472 871 dicto
486 806 621 871 confert.
651 804 813 870 Lucienus
825 803 928 890 Jupit.
941 800 1091 890 Tragoed.

67 903 108 967 T.
124 904 169 967 ll.
190 926 221 991 p.
236 906 320 970 680:
344 905 400 992 lyei
418 911 489 994 γάρ,
508 909 543 981 ὥς
563 912 577 970 ὁ
596 908 726 989 Κωμικός
747 905 806 989 ἔφη,
824 903 953 991 ἄγροικός
970 908 1024 986 εἶμι
1044 905 1092 981 τὴν

67 1002 187 1087 σκάφην,
204 1007 311 1090 σκάφην
330 1007 431 1093 λέγων.
470 1007 644 1095 Quomodo
658 1006 759 1073 Scrib.
775 1006 856 1071 Hist.
871 1026 905 1092 p.
919 1020 986 1091 542
1008 1010 1091 1092 ποιφ-

63 1104 162 1191 φηοῐοις
176 1108 197 1193 ’l
212 1106 343 1186 ἀληθείας
363 1109 451 1192 φίλος,
472 1112 507 1184 ὥς
529 1114 542 1172 l
561 1109 691 1192 Κομικάς
707 1127 785 1193 φησι,
801 1113 840 1172 τὰ
856 1115 930 1172 σῦκον
943 1114 1030 1186 σῦκα,
1043 1110 1091 1185 την

66 1205 175 1290 σκάφην
188 1209 228 1287 u,
243 1211 350 1294 σκάφην
368 1211 514 1292 ὀνομάζων·
538 1209 726 1296 interpretes
742 1222 878 1296 utroque
892 1208 966 1273 loco
979 1205 1021 1272 ad
1033 1227 1091 1272 νο·

66 1328 139 1372 cem
160 1312 290 1390 Κωμικὸς
307 1325 463 1375 annotant
482 1332 599 1375 nomen
616 1308 855 1397 Aristophanes,
876 1307 964 1374 nulla
983 1306 1092 1373 addita

66 1407 183 1473 fabule
202 1411 376 1492 mentione,
392 1433 451 1476 nec
465 1412 569 1476 versus
583 1432 728 1476 numero.
764 1404 908 1476 Julianus
922 1411 978 1475 Or.
993 1409 1089 1475 VIII.

45 1530 100 1595 ¹p.
118 1511 190 1575 208.
205 1512 254 1577 A:
283 1517 359 1576 κατὰ
379 1514 425 1576 τὸν
445 1514 587 1596 Kanate,
611 1516 659 1589 την
682 1511 791 1595 σκάφην
814 1510 933 1595 σκάφην,
957 1509 1090 1596 λα’γοντοι.

67 1610 171 1676 Miror
192 1614 334 1678 neutrius
356 1636 375 1678 a
397 1613 633 1679 Proverbiorum
659 1612 873 1699 scriptoribus
893 1611 1091 1677 mentionem

63 1711 143 1776 fieri.
180 1714 232 1778 De
252 1714 466 1800 proditoribus
487 1712 627 1801 ejusdem
649 1713 735 1800 regis
753 1712 875 1778 dictum
895 1713 991 1777 refert
1012 1713 1088 1779 Sto-

64 1812 155 1877 baeus
177 1835 209 1900 p.
223 1817 299 1900 366.
314 1815 401 1903 quod
416 1815 608 1880 ‘Plutarchus
621 1834 655 1900 p.
668 1830 742 1898 207.
756 1814 800 1879 A.
817 1813 933 1880 Caesari
945 1813 1090 1900 Augusto

65 1913 190 1980 tribuit.

110 2018 181 2101 178.
194 2019 233 2083 B.
255 2017 320 2101 ις’.]
341 2017 528 2083 Plutarchus
543 2018 694 2103 Praecept.
709 2014 801 2102 Reip.
817 2017 893 2081 Ger.
908 2037 941 2103 p.
954 2016 1029 2081 806.
1043 2016 1088 2082 B:

65 2118 203 2194 Φίλιππος
221 2119 392 2207 Ἀλεξάνδρῳ
410 2117 538 2206 madro,
557 2122 668 2199 κτάθοη
681 2118 764 2200 φίλος
784 2115 832 2192 ἴοις
850 2117 934 2196 lime
953 2118 1090 2198 βασιλεύ·

65 2245 139 2295 omos
153 2220 230 2310 tripu
247 2223 312 2308 πρὸς
325 2221 412 2307 χάριν
427 2225 574 2304 ὁμιλοῦντα
585 2220 632 2301 κο)
645 2219 888 2308 φιλοφρονούμενον.
914 2221 1002 2286 Huic
1016 2243 1088 2286 mo·

65 2321 135 2387 nito
149 2322 232 2388 filius
246 2323 385 2410 perversa
406 2322 529 2388 ratione
548 2322 784 2409 obtemperans,
804 2336 839 2388 et
856 2322 1021 2410 largiendo
1035 2322 1091 2389 fibi

64 2422 261 2487 Macedones
275 2423 443 2489 conciliare
465 2422 640 2503 instituens,
661 2422 768 2488 denuo
789 2424 830 2487 ab
849 2444 889 2488 eo
908 2423 1090 2489 admonitus

64 2522 108 2585 est
129 2544 167 2586 ea
192 2522 444 2610 reprehenfione,
471 2545 567 2610 quam
590 2523 687 2587 refert
709 2522 823 2587 Cicero
844 2523 938 2588 Offic.
958 2524 1004 2587 ll.
1025 2541 1087 2609 15:

63 2622 218 2687 Praelare
236 2625 366 2711 pendam
384 2622 500 2711 epssola
515 2624 723 2688 Alexandrum
732 2621 841 2709 filium
860 2623 1016 2710 Philippus
1035 2649 1088 2690 ac·

61 2721 152 2806 crescet,
168 2724 246 2808 quod
265 2723 422 2810 largitione
438 2721 669 2786 benevolentiam
686 2721 886 2786 Macedonum
898 2723 1090 2811 consedetur-⁰

60 2829 86 2861 ‘⁴
104 2823 183 2909 Qua
194 2834 233 2903 te,
248 2823 395 2904 melum,”
411 2823 518 2910 inquit,
542 2831 567 2865 “
580 2823 658 2887 ratio
672 2823 704 2886 in
716 2822 800 2908 istam
810 2825 895 2912 spem
909 2822 1040 2906 inducit,
1053 2836 1090 2891 ul

61 2930 85 2963 “
100 2947 145 2987 eos
166 2925 220 2987 tibi
229 2924 340 3012 fideles
357 2938 479 3014 putores
488 2924 572 3012 sore,
591 2947 661 3012 quos
677 2925 801 3012 pecunia
814 2925 1009 3013 eomprffit?
1032 2928 1087 2991 An

61 3032 85 3066 “
101 3036 133 3089 tn
148 3025 182 3088 id
200 3026 325 3113 aginat
340 3027 518 3091 Macedones
531 3049 589 3089 non
601 3037 630 3089 te
642 3026 846 3114 regensem,
853 3027 914 3112 sed
924 3027 1086 3115 min'ssram

60 3130 85 3164 “
102 3136 129 3189 et
147 3125 332 3213 praebitorem
342 3127 463 3215 sperent
473 3127 581 3212 fore.”
617 3125 705 3190 Hinc
721 3124 806 3191 idem
824 3126 921 3193 refert
938 3127 1085 3193 Valerius

60 3228 150 3293 Max.
163 3229 240 3292 VII.
257 3247 289 3295 2.
310 3232 440 3294 Extem.
459 3249 509 3295 ro.

106 3330 178 3412 178.
194 3328 234 3394 C.
257 3328 306 3412 ιζ’.
330 3329 366 3404 οἶς
386 3323 437 3412 μάν
453 3334 580 3417 χφῆθση,
603 3329 640 3404 οἷς
660 3330 682 3392 δ’
701 3330 881 3417 άποχφῆθαι]
909 3329 1085 3396 Soloecismi

59 3429 151 3496 instar
171 3452 229 3517 pro
247 3435 304 3506 τοῖς
315 3432 462 3513 pir-eoi,
476 3431 519 3495 δέν
542 3452 613 3495 raro
629 3427 716 3516 apud
730 3430 830 3495 bonos
846 3430 1011 3515 scriptores
1025 3431 1083 3498 de·

60 3532 277 3619 prehenditur,
299 3548 337 3598 ut
357 3555 470 3619 parum
488 3534 566 3599 abfit
586 3533 664 3621 quin
688 3546 798 3620 putem
820 3533 853 3597 id
875 3533 1006 3599 librariis
1025 3534 1082 3600 de·
1172 3540 1175 3544 ’

58 3636 152 3699 bere:
176 3634 294 3722 legitur
315 3635 347 3698 in
369 3635 456 3721 Opp.
473 3636 559 3707 Mor.
581 3656 612 3720 p.
628 3652 705 3722 394.
720 3636 762 3700 Α.
789 3634 856 3701 Vrt.
874 3651 925 3719 15.
939 3636 984 3701 D.
1009 3638 1082 3704 181.

59 3742 95 3804 F.
117 3759 192 3825 301.
209 3744 243 3805 1².
264 3742 340 3826 568.
356 3741 396 3820 C,
410 3742 455 3805 D.
478 3742 552 3825 663.
568 3739 614 3803 B:
641 3760 701 3804 nec
717 3738 920 3805 Plutarchum
935 3742 1080 3807 censeam
1202 3758 1205 3763 ·

56 3843 91 3907 in
113 3844 162 3922 iis,
178 3844 233 3929 qui
255 3845 308 3908 fibi
330 3843 393 3908 hoc
411 3843 506 3908 licere
527 3839 786 3907 existimaverint:
810 3841 850 3906 de
864 3842 979 3930 quibus
993 3843 1081 3910 etde

56 3944 119 4008 hac
133 3943 235 4008 forma
247 3943 480 4030 diligentiffime
495 3941 591 4009 docet
604 3941 857 4006 Hemsterhufius
870 3942 911 4008 ed
921 3943 1079 4010 Thomsm

56 4046 150 4132 Mag.
167 4062 200 4131 p.
221 4064 249 4108 1.
265 4044 328 4131 seq.
343 4045 459 4131 aliique
471 4044 589 4111 ibidem
604 4043 689 4109 haud
704 4041 890 4131 negligendi
902 4045 959 4109 viri
972 4044 1077 4111 dcclix

55 4163 91 4215 et
112 4147 308 4215 Wetstenius
329 4148 370 4212 ad
391 4149 513 4214 Matth.
530 4146 626 4212 XIII.
642 4147 673 4212 8.
709 4144 747 4211 ln
770 4147 871 4213 verbis
892 4147 1022 4235 elegans
1045 4162 1079 4217 ct

519 4267 539 4335 3
557 4268 582 4313 Y
594 4267 617 4331 4
