2692 4770
293 345 343 409 na
357 344 472 408 cam:
487 344 694 409 rnomcrn
708 348 755 408 1N
768 346 875 408 vnr.
894 348 1019 426 pauc.
1110 354 1168 409 sn

174 506 278 591 χόρενενς
298 511 343 573 nal
360 510 558 594 ὁςέγρότατα
575 519 623 574 τοῦ
637 509 716 592 όμοόν
732 509 813 585 ἰόντες
833 513 893 575 ἀντὶ
916 511 1033 593 ἱμάντων
1053 508 1173 595 σφαίρας

175 605 398 696 &nnuma-ia,
420 605 489 694 ὅπως
503 613 531 690 ai
546 609 664 695 οτληγοό
677 637 708 674 τε
722 610 809 691 καὶού
826 614 870 674 διὰ
883 620 936 675 τῶν
950 619 1073 695 πληγῶν
1087 610 1173 674 aaa·

174 706 226 779 ἔνο
236 712 414 791 &prauam
428 715 464 785 εἰς
477 712 508 774 ri
522 713 632 777 δυνατὸν
646 717 760 790 ἱνανῶςς
783 710 868 775 idem
887 710 1055 797 negotium
1077 709 1174 796 paulo
1265 744 1272 760 ·

171 808 340 894 polidicitur
351 814 568 897 σφαιρομαχεῖν,
583 809 623 874 de
636 832 701 896 quo
716 810 828 875 Pollux
838 812 906 875 ·lll.
924 827 996 895 150.
1017 809 1072 874 ubi
1089 812 1173 875 lun·

169 932 335 996 germannus
349 910 490 975 Platonis
503 910 612 976 locum
627 909 742 974 adfert.
777 908 978 975 Restituenda
991 908 1088 975 dictio
1104 912 1173 973 Lu-

169 1010 241 1075 elauo
252 1013 403 1099 Gymnas.
415 1014 456 1077 Τ.
468 1013 512 1076 ll.
527 1033 561 1098 p.
576 1013 652 1097 918.
666 1010 844 1093 -μόμνησο,
865 1011 895 1086 ἦν
912 1035 978 1072 τοτε
998 1011 1044 1072 καὶ
1064 1015 1090 1083 ἐς
1106 1014 1173 1072 Aa·

165 1110 288 1192 νόαῖμενα
300 1110 395 1198 ἔλθῃς,
408 1115 447 1192 μὴ
462 1112 662 1196 καταγελάσας
673 1113 740 1194 μηδὲ
754 1109 870 1188 ἐκείνων,
890 1111 957 1191 μηδὲ
973 1108 1067 1188 ciamus
1084 1111 1175 1192 μάτην

164 1216 238 1276 utrm
253 1215 362 1291 αὐτοὺς,
384 1213 511 1289 dadraei
528 1212 646 1300 σφαίρας
663 1213 731 1300 cripi
750 1217 776 1276 όν
794 1219 835 1297 τῷ
855 1213 965 1299 θεάτρῳ
980 1213 1175 1294 συμπεσόντες,

161 1311 266 1375 cainan
284 1313 447 1391 ἆλλῆλουςν
470 1311 644 1399 legendum
666 1311 786 1399 σφαίρας
806 1312 984 1397 τεροδοόμενον
1004 1317 1029 1374 ἐν
1042 1318 1081 1397 τῷ
1095 1318 1126 1375 θ.
1142 1339 1173 1377 τ.

160 1418 230 1476 mal.
262 1413 419 1479 Eamdem
443 1413 589 1500 palaellrae
612 1426 736 1499 partem
758 1413 929 1499 fignificare
942 1413 1066 1477 videtur
1084 1413 1175 1497 Philo

159 1513 221 1578 lud.
240 1515 292 1579 De
305 1515 448 1579 Somulls
458 1535 494 1598 p.
503 1515 579 1597 585.
595 1515 637 1577 B:
658 1517 809 1600 χαροδοτεῖ
820 1514 916 1600 τρόπον
928 1513 1049 1591 amala,
1064 1516 1086 1600 r}
1102 1517 1174 1602 πρὸς

158 1620 187 1679 τοὶ
198 1616 340 1699 mercior«
354 1619 453 1678 anari:
477 1615 532 1678 ubi
548 1614 620 1678 loco
635 1612 797 1700 singularis
812 1613 897 1677 illiu's
913 1613 998 1677 verbi
1012 1613 1097 1678 aliud
1113 1615 1174 1677 fin·

157 1716 255 1805 gulare
276 1715 330 1780 sed
352 1715 517 1779 sententiae
538 1735 720 1800 congruens
742 1713 915 1799 legendum
937 1713 1060 1778 videtur
1078 1739 1174 1800 χειρο-

156 1821 223 1899 όετεῑ,
246 1843 353 1882 monus
375 1818 468 1903 ligat,
491 1815 609 1880 scilicet
631 1815 714 1903 pitis.
768 1815 802 1878 Si
826 1815 858 1877 in
885 1817 1014 1878 Senecae
1039 1814 1176 1900 Epistola

156 1920 280 1984 LXXX.
295 1917 389 1983 initio
403 1939 474 1981 vera
486 1917 528 1980 est
543 1915 658 1980 laelio:
685 1914 833 1980 Hodierno
848 1915 896 1978 die
912 1938 969 1978 non
986 1926 1103 1978 tantum
1117 1939 1175 1978 mco

156 2021 217 2083 nili
237 2018 373 2105 beneficio
394 2042 482 2097 vaco,
494 2018 554 2102 sed
568 2016 743 2104 spatiandi,
768 2017 846 2102 qaod
866 2039 960 2080 omnes
984 2014 1108 2101 molestos
1134 2017 1179 2080 ad

147 2121 401 2205 spbaemmacbiam
414 2119 572 2183 avocavit:
587 2118 637 2182 vix
652 2117 786 2182 dubium
802 2119 836 2182 fit
849 2119 925 2204 quin
941 2119 1003 2185 hoc
1018 2120 1175 2184 ludicrum

157 2220 349 2309 ignificetur.
387 2220 469 2283 Haeo
483 2221 587 2305 σφαῖρα
607 2218 687 2302 saepe
709 2218 901 2304 provulgari
918 2218 998 2304 pila,
1014 2234 1077 2305 qua
1091 2219 1175 2305 jaci-

157 2319 227 2384 enda
239 2320 325 2384 lusus
341 2320 389 2398 fit,
405 2332 546 2404 accepta,
562 2316 660 2387 etiam
676 2318 716 2380 ab
732 2316 782 2397 iis,
797 2318 852 2403 qui
871 2321 942 2382 eam
963 2319 1047 2384 recte
1067 2320 1108 2384 ad
1124 2319 1175 2384 lu·

157 2418 230 2482 tiam
243 2418 412 2495 referrent,
426 2431 531 2481 tamen
550 2417 582 2481 in
607 2439 646 2481 eo
665 2438 830 2502 perperam
846 2418 1005 2483 intellecta
1020 2420 1073 2500 est,
1089 2419 1177 2505 quod

156 2541 214 2583 earn
233 2522 375 2584 facerent
395 2518 493 2604 pilam
515 2516 698 2603 plumbeam
721 2517 789 2581 loro
812 2519 933 2582 bubulo
950 2519 1098 2598 insutum,
1114 2542 1177 2605 qua

156 2636 285 2684 armatus
300 2619 394 2706 pugil
408 2632 560 2684 certaret:
579 2617 676 2682 veluti
689 2618 846 2703 principes
860 2618 1176 2704 Lexicographorum

156 2720 329 2806 Stephanus
351 2719 456 2784 Thes..
471 2720 509 2782 L.
531 2720 588 2782 Gr.
610 2719 650 2783 T.
669 2719 729 2782 Ill.
753 2740 785 2802 p.
810 2720 902 2780 1161.
925 2732 959 2783 et
980 2718 1177 2785 Facciolatue

156 2843 223 2886 voce
240 2820 492 2907 Spbaromachia.
530 2820 644 2883 Praeter
655 2823 773 2904 σφαῖραν
788 2818 874 2883 aliud
893 2820 955 2885 fuit
974 2821 1121 2909 pugilum
1135 2824 1177 2890 ad

155 2922 245 2987 ittam
265 2922 419 2987 leniorem
442 2920 719 2997 instrumentumlr
741 2920 869 3006 μολίχη,
893 2923 1080 3009 antiquitus,
1101 2939 1177 2991 ante

154 3026 286 3107 castum,
303 3026 474 3089 ufitatumr
505 3037 541 3087 ut
555 3046 594 3087 ex
617 3023 766 3088 Pausania
778 3026 872 3089 Vlll.
887 3046 940 3104 40.
964 3049 995 3111 p.
1011 3028 1085 3092 682.
1105 3030 1175 3093 col·

154 3125 268 3214 ligitur.
312 3125 472 3212 Quadam
497 3125 536 3189 de
562 3125 624 3189 hoc
648 3140 839 3210 argumento
864 3127 993 3191 tradidit
1020 3131 1053 3193 P.
1079 3131 1177 3194 Faber

155 3225 333 3312 Agonistico
348 3226 376 3287 l.
391 3226 423 3287 ό.
448 3244 480 3308 p.
495 3243 550 3308 33.
565 3237 599 3287 et
613 3245 645 3309 9.
668 3244 700 3308 p.
716 3226 769 3307 56.
806 3225 1012 3311 Comparatio
1034 3228 1176 3313 disputa·

153 3328 241 3392 tionis
255 3350 331 3392 cum
351 3325 498 3411 pugilatu
510 3324 588 3389 alibi
599 3346 726 3410 quoquc
741 3326 897 3389 occurrit:
923 3326 1018 3390 veluti
1041 3328 1073 3391 in
1089 3328 1177 3393 dieto

153 3427 328 3492 Democriti
342 3426 427 3513 apud
445 3424 648 3490 Plutarchum
665 3427 776 3511 Symp.
793 3426 819 3488 Ι.
837 3446 869 3509 p.
883 3428 957 3506 614.
972 3430 1010 3491 E.
1026 3428 1178 3514 ἐριδαντέων

153 3529 173 3614 r}
186 3527 396 3613 ἱμαντελικτέων
410 3527 520 3611 λόγους,
540 3525 627 3612 quod
646 3524 708 3589 illic
727 3525 974 3610 explicabimus:
999 3543 1031 3592 et
1043 3527 1112 3592 aliis
1126 3528 1176 3593 lo·

153 3631 205 3710 cis,
221 3654 302 3718 quos
317 3629 498 3694 notavimus
511 3627 552 3691 ad
564 3629 633 3692 Ser.
647 3627 749 3691 Num.
764 3626 862 3692 Vind.
878 3649 910 3713 p.
921 3629 997 3710 548.
1011 3630 1050 3695 B.
1066 3630 1193 3717 prioris.

153 3731 296 3795 editionis
318 3752 351 3816 p.
363 3745 397 3812 5.

192 3831 243 3895 80.
255 3830 297 3894 C.
317 3827 400 3914 Ἐγὼ
414 3828 477 3910 μὶν,
498 3826 577 3906 εἶπεν,
599 3833 612 3888 ὁ
633 3826 773 3912 ἐλεγχθεὶς
794 3824 886 3910 ἄπειμι
907 3830 1002 3913 σεν-]
1029 3829 1177 3895 Correxi-

152 3953 221 3995 mus
234 3931 396 4018 vulgatam
409 3928 497 3992 istam
510 3927 798 4013 interpunctionem
812 3928 892 4013 Ἐγο)
904 3930 955 4010 μὲν
971 3931 1078 4013 (clarui
1092 3936 1177 4015 ἐλεγ-

150 4031 240 4116 χθεὶς)
262 4030 355 4113 ἄπειμι
370 4055 479 4094 σοο-.
515 4026 625 4092 Simile
640 4028 731 4091 suum
746 4027 906 4113 quoddam
921 4030 1086 4116 negotium
1105 4052 1178 4094 nar-

153 4153 209 4214 rat,
228 4134 280 4200 sed
300 4135 363 4199 line
383 4129 546 4210 acumine,
569 4130 722 4193 Isocrates
745 4130 917 4194 Panathen.
940 4154 972 4217 p.
988 4133 1072 4211 482:
1097 4135 1178 4214 ὁμὲν

151 4240 205 4322 εν
218 4235 294 4325 aa.
308 4231 507 4326 ννεννῶπεν
525 4230 700 4316 ramalia
719 4231 741 4319 a
759 4231 1043 4317 συνοςοομὲνηνέχον
1056 4237 1103 4313 τὴν
1116 4235 1189 4299 aa..
