2692 4770
149 341 208 411 798
339 333 378 396 D.
389 334 441 395 W.
458 332 667 395 ANIMADV.
687 332 735 394 IN
755 328 986 394 PLUTARCHI

151 496 330 566 Caesaribus
350 497 568 586 corficratioair
581 519 698 563 nomen
719 496 761 563 de
778 496 915 561 mortuis
930 493 1014 559 inter
1024 494 1113 559 Deos
1130 512 1182 557 re·

150 597 289 663 ferendis
302 599 479 687 usurpavit:
502 621 697 687 quamquam
712 620 771 663 nec
785 608 881 662 antea
893 594 1090 661 inauditum:
1108 616 1138 656 v.
1150 614 1181 656 c.

150 697 316 765 Ciceronis
339 702 420 766 Nat.
443 700 542 767 Deor.
563 700 626 764 Ill.
650 719 709 786 19:
735 697 913 764 -uiroram
924 695 1055 784 fortium
1073 718 1181 758 memo-

149 799 228 864 riam
249 801 354 866 boam
373 802 490 866 deorum
511 799 719 865 immortalium
738 800 940 887 consecratam.
969 799 1050 883 Lag.
1066 797 1112 891 li.
1130 815 1182 859 11.

149 914 184 964 et
205 901 292 967 alibi.
328 902 458 968 Horatii
480 905 542 988 Ep.
566 903 612 966 ΙΙ.
632 921 661 965 1.
676 921 739 988 49:
769 898 848 988 qnod
868 898 1004 963 Libitina
1016 897 1182 984 sacravit:

150 999 224 1067 sunt
239 1004 369 1083 mortui,
385 1002 535 1090 liquidem
550 1024 661 1068 manes
674 1000 752 1067 sacri
765 1001 935 1065 habentur.
971 996 1107 1087 Vulgari
1121 1020 1182 1061 no·

148 1101 239 1168 tione
261 1104 320 1170 diis
339 1104 459 1192 aliquid
476 1104 638 1190 mascarare
655 1124 719 1168 nou
735 1100 918 1186 infrequens
933 1102 987 1165 eli.
1009 1122 1039 1163 v.
1051 1122 1081 1163 c.
1096 1099 1183 1184 apud

149 1202 357 1270 Plutarchum
371 1206 482 1270 Numa
495 1226 529 1292 p.
544 1221 596 1289 72.
606 1205 654 1269 D:
679 1203 720 1267 C.
734 1200 884 1267 Graccho
898 1202 971 1287 843.
987 1201 1037 1266 C:
1062 1200 1181 1286 Quaest.

150 1305 243 1368 Rom.
265 1320 338 1390 271.
354 1307 405 1370 A:
428 1317 462 1370 et
483 1303 628 1392 ἄφιέςωσις
649 1304 683 1382 iu
706 1302 869 1368 Publicola
889 1323 921 1389 p.
940 1321 1012 1382 104.
1028 1301 1064 1365 F.
1097 1300 1182 1366 Ver·

150 1403 231 1470 bum
254 1420 292 1471 ut
314 1405 420 1471 minus
441 1405 591 1471 Atticum
610 1405 643 1469 in
665 1403 844 1469 Phaborino
860 1399 1065 1488 reprehendit
1080 1402 1182 1490 Phry·

151 1505 267 1572 uichus
289 1506 404 1594 Eclog.
424 1506 524 1571 Attio.
546 1527 579 1592 p.
594 1506 646 1573 82.
662 1504 730 1593 ejus
742 1505 816 1570 loco
830 1510 999 1592 καθιεςῶσω
1014 1525 1181 1568 commen-

150 1605 248 1673 dans:
271 1606 360 1695 quod
383 1620 417 1672 et
440 1606 526 1693 apud
547 1606 755 1673 Plutarchum
776 1606 879 1670 multo
899 1607 943 1670 est
961 1604 1180 1691 frequentius:

152 1707 207 1772 sed
225 1721 333 1773 tamen
355 1721 390 1772 et
411 1707 496 1773 illius
516 1707 663 1795 exempla
681 1707 755 1772 satis
776 1706 880 1771 multa
900 1706 973 1770 sunt
994 1704 1081 1791 apud
1104 1706 1183 1771 alios

152 1807 329 1895 Scriptores
343 1821 455 1873 notata
470 1807 696 1895 interpretibus
712 1807 884 1896 Phrynichi
905 1807 929 1870 l.
945 1830 974 1871 c.
996 1819 1031 1870 et
1048 1806 1183 1873 'lhomae

153 1910 205 1974 Μ.
221 1909 254 1974 in
269 1931 346 1975 voce
363 1915 553 1997 Katiipaaor.
590 1909 756 1975 Sententia
769 1907 864 1996 hujus
884 1907 947 1972 loci
962 1928 1000 1971 ac
1014 1907 1183 1974 verborum

151 2007 297 2075 delemus
317 2009 556 2077 hmilitudinem
575 2024 609 2076 et
627 2011 752 2076 fortalse
766 2010 963 2076 authoritatis
978 2008 1182 2076 communio-

152 2132 226 2175 nem
242 2110 350 2197 prodit
363 2134 438 2176 cum
455 2112 563 2177 Dione
577 2110 693 2199 Chrys.
712 2112 769 2177 Or.
786 2112 830 2176 11.
853 2132 886 2196 p.
901 2125 955 2196 35.
971 2111 1003 2174 D
1019 2134 1027 2173 z
1051 2113 1097 2173 ἐὰν
1111 2112 1138 2173 δὲ
1151 2115 1184 2177 τὸ

150 2216 198 2288 τῆς
213 2211 374 2300 εἶμαςμὸης
385 2216 538 2298 ἀναγκαῖον
550 2210 643 2300 inin
659 2214 717 2300 arpi
731 2217 767 2275 rei
781 2212 883 2298 γήρως,
898 2213 964 2274 ἀλλ’
977 2209 1021 2274 οὖν
1034 2212 1140 2294 μνήμης
1154 2240 1185 2277 re

151 2315 263 2397 ἄγαθῆς
281 2314 335 2377 xal-
348 2319 440 2401 araga*
455 2321 548 2378 πᾶσιν
572 2313 702 2396 εὐφημίας
726 2317 763 2387 εἰς
787 2313 834 2376 τὸν
855 2310 896 2374 oiri
912 2311 1012 2400 χρόνον
1037 2316 1184 2395 (atrebat,

150 2416 246 2498 ἂρπῆ)
271 2415 395 2492 ἠξίωσεν.
437 2416 522 2502 Qua
550 2414 637 2479 haud
658 2415 789 2479 obscure
815 2411 913 2477 dubia
937 2412 1009 2477 sunt
1030 2434 1049 2477 a
1070 2415 1184 2483 Xeno·

152 2512 283 2598 phontis
298 2515 478 2580 narratione
497 2517 538 2581 de
554 2515 694 2580 Hercule
711 2512 856 2579 Prodicio
876 2515 1016 2578 Memor.
1033 2515 1123 2579 Socr.
1139 2519 1185 2582 11.

155 2633 185 2677 1.
194 2634 257 2701 33:
282 2615 346 2680 iras
361 2618 389 2679 bi
403 2616 469 2703 ἔλθῃ
486 2618 516 2680 ri
531 2615 720 2703 πεπρωμένον,
735 2619 763 2678 ari
777 2620 851 2697 perri
864 2615 950 2692 λήθης
962 2613 1056 2698 ἄτιμοι
1070 2621 1182 2699 asinar

152 2718 232 2779 ἀλλὰ
245 2722 319 2799 μετὰ
333 2718 437 2799 μνήμης
448 2719 495 2781 τὸν
509 2716 550 2781 aiei
563 2717 662 2803 χρόνον
675 2716 819 2798 ripariarum
834 2716 975 2779 namara.

197 2837 268 2884 121.
285 2821 323 2880 E.
345 2824 386 2903 τῷ
403 2817 544 2905 μακαρίτῃ
563 2844 601 2882 συ
623 2818 725 2902 υἰτΗ
751 2818 833 2904 (211ae
855 2815 896 2880 de
919 2816 1017 2904 hujus
1038 2819 1184 2884 vocabuli

151 2919 209 2982 usu
232 2919 354 2983 notavit
375 2919 437 2983 Th.
452 2919 646 2982 Gatakerus
666 2919 719 2983 De
744 2917 837 3005 Stylo
861 2920 906 2982 N.
930 2920 968 2983 T.
994 2940 1028 3005 p.
1051 2940 1123 3005 ¹15·
1147 2924 1183 2987 F.

152 3018 255 3082 sumta
274 3021 377 3083 sunte
397 3018 553 3104 Stephani
570 3017 665 3082 Thes.
680 3019 719 3083 L.
737 3019 796 3082 Gr.
818 3020 857 3082 T.
876 3020 919 3082 11.
943 3040 977 3107 p.
994 3037 1068 3105 773.
1089 3038 1123 3085 et
1145 3046 1184 3088 ex

152 3118 329 3205 posterioris
344 3120 560 3206 Scriptoribus
575 3118 676 3183 atatis
695 3118 807 3205 petita,
831 3119 945 3204 quibus
967 3121 1104 3187 addatur
1123 3127 1184 3190 Ju-

152 3218 255 3284 lianus
277 3220 372 3306 Epist.
393 3221 433 3283 ad
452 3220 639 3284 Atheniens.
662 3241 696 3305 p.
713 3237 787 3303 271.
802 3220 845 3283 A.
868 3235 901 3283 et
920 3224 980 3306 Ep.
997 3225 1127 3287 XXIII.
1150 3249 1182 3313 p.

151 3342 226 3407 390.
244 3323 286 3385 A.
324 3322 388 3386 Sed
409 3334 442 3385 et
464 3335 552 3385 vetus
571 3321 614 3385 est
630 3321 802 3385 auctoritas
824 3321 856 3385 in
878 3320 1017 3388 dittione
1038 3326 1185 3415 AEschyli

154 3422 234 3486 Pers.
254 3427 329 3508 635.
354 3422 515 3510 μακαρίτας
537 3422 683 3503 ἰσοδαίμων
703 3423 847 3500 βασιλεύς·
871 3421 912 3486 de
933 3447 998 3509 quo
1022 3424 1095 3490 loco
1116 3429 1185 3516 egit

151 3522 345 3587 Abreschius
366 3522 539 3587 Auinradv.
563 3544 596 3608 p.
613 3541 687 3590 221.
722 3523 885 3589 Theocriti
907 3525 952 3587 11.
968 3542 1021 3608 70.
1058 3526 1186 3596 Comici

152 3624 238 3709 apud
254 3624 347 3687 Stoh.
361 3623 444 3688 Flor.
459 3623 537 3688 edit.
554 3624 650 3689 Gesn.
668 3626 742 3711 609.
757 3625 867 3690 omillo
887 3626 1025 3690 auttoris
1041 3630 1184 3711 nomine,

151 3723 237 3809 apud
254 3725 403 3789 Grotium
420 3747 452 3811 p.
461 3744 536 3810 499.
552 3725 694 3811 appofito
708 3727 927 3811 Aristophanis
942 3728 1089 3792 nomine:
1109 3731 1184 3798 hinc

153 3848 255 3889 unum
271 3847 356 3889 nunc
371 3827 492 3890 versum
507 3825 655 3904 citemus,
675 3832 740 3900 Πᾶς
753 3833 812 3914 γὰρ
831 3828 908 3911 λέγει
920 3855 973 3907 τις,
996 3835 1009 3893 ὁ
1026 3832 1185 3919 μακαρίτης

151 3927 271 4012 οἴχετσ7.
300 3925 403 3990 Modo
419 3948 450 4011 p.
467 3944 538 3990 120.
555 3926 592 3989 B.
610 3926 817 3990 Plutarchus:
841 3935 876 3990 rii
890 3930 1035 4015 paraphis
1050 3932 1117 4008 υῖέος
1132 3959 1182 4000 aa.

150 4029 309 4095 Videatur
323 4041 356 4091 et
371 4026 585 4092 Ruhnkenius
599 4026 640 4091 ad
652 4027 737 4093 Tim.
752 4029 831 4093 Lex.
849 4029 929 4094 Plat.
945 4052 977 4116 p.
990 4047 1044 4118 59.

195 4150 267 4198 121.
280 4132 319 4210 E,
333 4131 368 4194 F.
389 4129 762 4216 χαρισάμενος-διαγωγῇ]
790 4131 972 4217 Stephanus
986 4133 1075 4199 dedit
1091 4162 1181 4222 χαρι·

151 4232 266 4314 «άμενος
287 4252 327 4297 cx
347 4232 480 4299 Jannot.
502 4230 634 4298 Leonic.
659 4232 787 4298 Schott.
803 4234 911 4299 Arion.
928 4256 1003 4301 nam
1018 4234 1095 4304 Ald.
1112 4237 1180 4304 Bas.
