<?xml version="1.0" encoding="UTF-8"?>
<!DOCTYPE html PUBLIC "-//W3C//DTD XHTML 1.0 Transitional//EN"
    "http://www.w3.org/TR/xhtml1/DTD/xhtml1-transitional.dtd">
<html xmlns="http://www.w3.org/1999/xhtml" xml:lang="en" lang="en">
 <head>
  <title>
</title>
<meta http-equiv="Content-Type" content="text/html;charset=utf-8" />
  <meta name='ocr-system' content='tesseract 3.04.00' />
  <meta name='ocr-capabilities' content='ocr_page ocr_carea ocr_par ocr_line ocrx_word'/>
</head>
<body>
  <div class='ocr_page' id='page_1' title='image "./plutarchichaero01plutgoog_0109.png"; bbox 0 0 2692 4770; ppageno 0'>
   <div class='ocr_carea' id='block_1_1' title="bbox 172 284 1066 387">
    <p class='ocr_par' dir='ltr' id='par_1_1' title="bbox 172 284 1066 387">
     <span class='ocr_line' id='line_1_1' title="bbox 172 284 1066 387; baseline -0.001 -40"><span class='ocrx_word' id='word_1_1' title='bbox 172 287 234 348; x_wconf 77' lang='lat'>634</span> <span class='ocrx_word' id='word_1_2' title='bbox 318 286 356 348; x_wconf 92' lang='lat' dir='ltr'>D.</span> <span class='ocrx_word' id='word_1_3' title='bbox 371 286 422 349; x_wconf 86' lang='lat' dir='ltr'>W.</span> <span class='ocrx_word' id='word_1_4' title='bbox 443 286 651 348; x_wconf 79' lang='lat' dir='ltr'><strong>ANIMADV.</strong></span> <span class='ocrx_word' id='word_1_5' title='bbox 673 285 720 348; x_wconf 90' lang='lat' dir='ltr'>IN</span> <span class='ocrx_word' id='word_1_6' title='bbox 740 284 969 387; x_wconf 71' lang='lat' dir='ltr'>rumnufflt</span> <span class='ocrx_word' id='word_1_7' title='bbox 988 284 1066 346; x_wconf 78' lang='lat' dir='ltr'>Lm:</span> 
     </span>
    </p>
   </div>
   <div class='ocr_carea' id='block_1_2' title="bbox 156 445 1194 1554">
    <p class='ocr_par' dir='ltr' id='par_1_2' title="bbox 156 445 1194 1554">
     <span class='ocr_line' id='line_1_2' title="bbox 169 445 1194 535; baseline -0.002 -22"><span class='ocrx_word' id='word_1_8' title='bbox 169 472 265 535; x_wconf 84' lang='lat' dir='ltr'>quam</span> <span class='ocrx_word' id='word_1_9' title='bbox 287 451 435 516; x_wconf 81' lang='lat' dir='ltr'>mercede</span> <span class='ocrx_word' id='word_1_10' title='bbox 456 451 619 531; x_wconf 82' lang='lat' dir='ltr'>docentes,</span> <span class='ocrx_word' id='word_1_11' title='bbox 642 452 690 515; x_wconf 80' lang='lat' dir='ltr'>rel</span> <span class='ocrx_word' id='word_1_12' title='bbox 714 451 858 516; x_wconf 91' lang='lat' dir='ltr'>nondum</span> <span class='ocrx_word' id='word_1_13' title='bbox 880 448 1015 515; x_wconf 83' lang='lat' dir='ltr'>discreta</span> <span class='ocrx_word' id='word_1_14' title='bbox 1037 445 1194 533; x_wconf 81' lang='lat' dir='ltr'>utriusque</span> 
     </span>
     <span class='ocr_line' id='line_1_3' title="bbox 168 548 1194 640; baseline 0 -27"><span class='ocrx_word' id='word_1_15' title='bbox 168 551 313 615; x_wconf 87' lang='lat' dir='ltr'>vocabuli</span> <span class='ocrx_word' id='word_1_16' title='bbox 338 553 482 628; x_wconf 89' lang='lat' dir='ltr'>notione,</span> <span class='ocrx_word' id='word_1_17' title='bbox 511 553 659 638; x_wconf 83' lang='lat' dir='ltr'>sophistas</span> <span class='ocrx_word' id='word_1_18' title='bbox 688 553 903 640; x_wconf 82' lang='lat' dir='ltr'>appellarent:</span> <span class='ocrx_word' id='word_1_19' title='bbox 938 563 972 616; x_wconf 88' lang='lat' dir='ltr'>et</span> <span class='ocrx_word' id='word_1_20' title='bbox 997 549 1085 637; x_wconf 91' lang='lat' dir='ltr'>quod</span> <span class='ocrx_word' id='word_1_21' title='bbox 1113 548 1194 617; x_wconf 75' lang='lat' dir='ltr'>addit</span> 
     </span>
     <span class='ocr_line' id='line_1_4' title="bbox 169 650 1194 741; baseline 0.001 -26"><span class='ocrx_word' id='word_1_22' title='bbox 169 652 254 717; x_wconf 89' lang='lat' dir='ltr'>idem</span> <span class='ocrx_word' id='word_1_23' title='bbox 269 655 417 741; x_wconf 81' lang='lat' dir='ltr'>egregins</span> <span class='ocrx_word' id='word_1_24' title='bbox 432 656 478 721; x_wconf 87' lang='lat' dir='ltr'>vir</span> <span class='ocrx_word' id='word_1_25' title='bbox 492 656 531 719; x_wconf 92' lang='lat' dir='ltr'>de</span> <span class='ocrx_word' id='word_1_26' title='bbox 547 655 619 720; x_wconf 92' lang='lat' dir='ltr'>loco</span> <span class='ocrx_word' id='word_1_27' title='bbox 636 651 796 720; x_wconf 77' lang='lat' dir='ltr'>Plutarchi</span> <span class='ocrx_word' id='word_1_28' title='bbox 808 666 986 718; x_wconf 86' lang='lat' dir='ltr'>memorato</span> <span class='ocrx_word' id='word_1_29' title='bbox 1000 672 1040 716; x_wconf 82' lang='lat' dir='ltr'>ex</span> <span class='ocrx_word' id='word_1_30' title='bbox 1053 650 1137 715; x_wconf 91' lang='lat' dir='ltr'>libro</span> <span class='ocrx_word' id='word_1_31' title='bbox 1151 651 1194 716; x_wconf 76' lang='lat' dir='ltr'>Dr</span> 
     </span>
     <span class='ocr_line' id='line_1_5' title="bbox 168 754 1194 842; baseline -0.003 -23"><span class='ocrx_word' id='word_1_32' title='bbox 168 756 307 842; x_wconf 84' lang='lat' dir='ltr'>Malign.</span> <span class='ocrx_word' id='word_1_33' title='bbox 324 757 445 822; x_wconf 87' lang='lat' dir='ltr'><strong>Herod.</strong></span> <span class='ocrx_word' id='word_1_34' title='bbox 466 759 570 821; x_wconf 81' lang='lat' dir='ltr'>Verum</span> <span class='ocrx_word' id='word_1_35' title='bbox 585 782 619 820; x_wconf 82' lang='grc' dir='ltr'><strong><em>ιο</em></strong></span> <span class='ocrx_word' id='word_1_36' title='bbox 639 757 757 821; x_wconf 78' lang='lat' dir='ltr'>turbato</span> <span class='ocrx_word' id='word_1_37' title='bbox 771 757 868 819; x_wconf 82' lang='lat' dir='ltr'>animo</span> <span class='ocrx_word' id='word_1_38' title='bbox 884 754 1086 831; x_wconf 80' lang='lat' dir='ltr'>Plutarclnaes;</span> <span class='ocrx_word' id='word_1_39' title='bbox 1106 769 1194 840; x_wconf 67' lang='lat' dir='ltr'>paco</span> 
     </span>
     <span class='ocr_line' id='line_1_6' title="bbox 167 855 1194 945; baseline 0 -28"><span class='ocrx_word' id='word_1_40' title='bbox 167 857 224 919; x_wconf 83' lang='lat' dir='ltr'>tior</span> <span class='ocrx_word' id='word_1_41' title='bbox 239 857 389 922; x_wconf 81' lang='lat' dir='ltr'><em>Chilonem</em></span> <span class='ocrx_word' id='word_1_42' title='bbox 402 862 448 923; x_wconf 75' lang='lat' dir='ltr'>clu</span> <span class='ocrx_word' id='word_1_43' title='bbox 462 864 572 939; x_wconf 79' lang='grc' dir='ltr'><strong><em>ςοφιςὴν</em></strong></span> <span class='ocrx_word' id='word_1_44' title='bbox 586 857 624 922; x_wconf 88' lang='grc' dir='ltr'>Τ.</span> <span class='ocrx_word' id='word_1_45' title='bbox 640 858 684 921; x_wconf 88' lang='grc' dir='ltr'>ΙΙ.</span> <span class='ocrx_word' id='word_1_46' title='bbox 705 873 738 945; x_wconf 94' lang='lat' dir='ltr'>p.</span> <span class='ocrx_word' id='word_1_47' title='bbox 755 860 808 944; x_wconf 89' lang='lat'>96.</span> <span class='ocrx_word' id='word_1_48' title='bbox 831 869 859 919; x_wconf 81' lang='lat' dir='ltr'>et</span> <span class='ocrx_word' id='word_1_49' title='bbox 873 857 1000 943; x_wconf 76' lang='lat' dir='ltr'>reliquos</span> <span class='ocrx_word' id='word_1_50' title='bbox 1014 855 1051 917; x_wconf 77' lang='lat' dir='ltr'>de</span> <span class='ocrx_word' id='word_1_51' title='bbox 1069 856 1121 918; x_wconf 80' lang='lat' dir='ltr'>hoc</span> <span class='ocrx_word' id='word_1_52' title='bbox 1141 879 1194 917; x_wconf 74' lang='lat' dir='ltr'>nu·</span> 
     </span>
     <span class='ocr_line' id='line_1_7' title="bbox 167 956 1194 1048; baseline 0.001 -26"><span class='ocrx_word' id='word_1_53' title='bbox 167 983 243 1022; x_wconf 78' lang='lat' dir='ltr'>nzero</span> <span class='ocrx_word' id='word_1_54' title='bbox 257 958 372 1042; x_wconf 80' lang='grc' dir='ltr'><strong><em>σοφιςοὶς</em></strong></span> <span class='ocrx_word' id='word_1_55' title='bbox 383 961 556 1047; x_wconf 81' lang='lat' dir='ltr'>salutavit:</span> <span class='ocrx_word' id='word_1_56' title='bbox 573 960 670 1048; x_wconf 89' lang='lat' dir='ltr'>hujus</span> <span class='ocrx_word' id='word_1_57' title='bbox 683 960 812 1047; x_wconf 88' lang='lat' dir='ltr'>quidem</span> <span class='ocrx_word' id='word_1_58' title='bbox 827 959 889 1024; x_wconf 88' lang='lat' dir='ltr'>loci</span> <span class='ocrx_word' id='word_1_59' title='bbox 904 959 995 1044; x_wconf 79' lang='lat' dir='ltr'>ipsius</span> <span class='ocrx_word' id='word_1_60' title='bbox 1010 957 1051 1022; x_wconf 90' lang='lat' dir='ltr'>de</span> <span class='ocrx_word' id='word_1_61' title='bbox 1061 956 1194 1023; x_wconf 69' lang='lat' dir='ltr'>Chilone</span> 
     </span>
     <span class='ocr_line' id='line_1_8' title="bbox 156 1059 1194 1151; baseline -0.001 -27"><span class='ocrx_word' id='word_1_62' title='bbox 156 1061 288 1148; x_wconf 83' lang='lat' dir='ltr'>sophista</span> <span class='ocrx_word' id='word_1_63' title='bbox 312 1063 472 1151; x_wconf 87' lang='lat' dir='ltr'>appellato</span> <span class='ocrx_word' id='word_1_64' title='bbox 493 1062 665 1128; x_wconf 74' lang='lat' dir='ltr'>auetoritas</span> <span class='ocrx_word' id='word_1_65' title='bbox 692 1064 794 1126; x_wconf 86' lang='lat' dir='ltr'>nostra</span> <span class='ocrx_word' id='word_1_66' title='bbox 820 1060 1015 1126; x_wconf 58' lang='lat' dir='ltr'>correbtione</span> <span class='ocrx_word' id='word_1_67' title='bbox 1038 1059 1194 1127; x_wconf 75' lang='lat' dir='ltr'>concidit:</span> 
     </span>
     <span class='ocr_line' id='line_1_9' title="bbox 168 1162 1194 1251; baseline -0.001 -23"><span class='ocrx_word' id='word_1_68' title='bbox 168 1185 270 1251; x_wconf 90' lang='lat' dir='ltr'>neque</span> <span class='ocrx_word' id='word_1_69' title='bbox 284 1165 381 1230; x_wconf 87' lang='lat' dir='ltr'>etiam</span> <span class='ocrx_word' id='word_1_70' title='bbox 397 1167 527 1231; x_wconf 88' lang='lat' dir='ltr'>memini</span> <span class='ocrx_word' id='word_1_71' title='bbox 542 1189 562 1229; x_wconf 85' lang='lat' dir='ltr'>a</span> <span class='ocrx_word' id='word_1_72' title='bbox 575 1164 744 1229; x_wconf 79' lang='lat' dir='ltr'>Plutarcho</span> <span class='ocrx_word' id='word_1_73' title='bbox 759 1162 875 1228; x_wconf 86' lang='lat' dir='ltr'>alicubi</span> <span class='ocrx_word' id='word_1_74' title='bbox 891 1162 1129 1248; x_wconf 84' lang='lat' dir='ltr'>philosophum,</span> <span class='ocrx_word' id='word_1_75' title='bbox 1143 1176 1194 1227; x_wconf 85' lang='lat' dir='ltr'>am</span> 
     </span>
     <span class='ocr_line' id='line_1_10' title="bbox 164 1264 1194 1356; baseline 0 -26"><span class='ocrx_word' id='word_1_76' title='bbox 164 1288 264 1332; x_wconf 91' lang='lat' dir='ltr'>unum</span> <span class='ocrx_word' id='word_1_77' title='bbox 279 1290 297 1333; x_wconf 91' lang='lat' dir='ltr'>e</span> <span class='ocrx_word' id='word_1_78' title='bbox 312 1269 431 1355; x_wconf 81' lang='lat' dir='ltr'><strong>septem</strong></span> <span class='ocrx_word' id='word_1_79' title='bbox 446 1268 624 1356; x_wconf 87' lang='lat' dir='ltr'>sapientum</span> <span class='ocrx_word' id='word_1_80' title='bbox 642 1290 776 1332; x_wconf 90' lang='lat' dir='ltr'>numero</span> <span class='ocrx_word' id='word_1_81' title='bbox 787 1265 949 1353; x_wconf 77' lang='lat' dir='ltr'>sophistam</span> <span class='ocrx_word' id='word_1_82' title='bbox 963 1264 1102 1329; x_wconf 78' lang='lat' dir='ltr'>salutari.</span> <span class='ocrx_word' id='word_1_83' title='bbox 1139 1264 1194 1330; x_wconf 79' lang='lat' dir='ltr'>Ille</span> 
     </span>
     <span class='ocr_line' id='line_1_11' title="bbox 164 1365 1194 1452; baseline 0.002 -23"><span class='ocrx_word' id='word_1_84' title='bbox 164 1387 237 1431; x_wconf 87' lang='lat' dir='ltr'>vero</span> <span class='ocrx_word' id='word_1_85' title='bbox 259 1367 329 1431; x_wconf 85' lang='lat' dir='ltr'>haec</span> <span class='ocrx_word' id='word_1_86' title='bbox 353 1367 483 1432; x_wconf 85' lang='lat' dir='ltr'>nomina</span> <span class='ocrx_word' id='word_1_87' title='bbox 504 1366 586 1432; x_wconf 88' lang='lat' dir='ltr'>inter</span> <span class='ocrx_word' id='word_1_88' title='bbox 602 1367 632 1431; x_wconf 82' lang='lat' dir='ltr'>l&#39;e</span> <span class='ocrx_word' id='word_1_89' title='bbox 650 1365 797 1452; x_wconf 90' lang='lat' dir='ltr'>opponit,</span> <span class='ocrx_word' id='word_1_90' title='bbox 818 1367 906 1451; x_wconf 92' lang='lat' dir='ltr'>Opp.</span> <span class='ocrx_word' id='word_1_91' title='bbox 923 1367 1008 1429; x_wconf 89' lang='lat' dir='ltr'>Mor.</span> <span class='ocrx_word' id='word_1_92' title='bbox 1033 1387 1065 1450; x_wconf 91' lang='lat' dir='ltr'>p.</span> <span class='ocrx_word' id='word_1_93' title='bbox 1079 1365 1136 1446; x_wconf 88' lang='lat'>48.</span> <span class='ocrx_word' id='word_1_94' title='bbox 1151 1366 1194 1443; x_wconf 76' lang='grc' dir='ltr'>Ι),</span> 
     </span>
     <span class='ocr_line' id='line_1_12' title="bbox 163 1464 1194 1554; baseline 0 -24"><span class='ocrx_word' id='word_1_95' title='bbox 163 1488 218 1552; x_wconf 84' lang='lat'>43.</span> <span class='ocrx_word' id='word_1_96' title='bbox 241 1471 279 1530; x_wconf 86' lang='lat' dir='ltr'>E.</span> <span class='ocrx_word' id='word_1_97' title='bbox 297 1470 343 1532; x_wconf 74' lang='lat' dir='ltr'>Fr</span> <span class='ocrx_word' id='word_1_98' title='bbox 373 1484 442 1532; x_wconf 86' lang='lat' dir='ltr'>tum</span> <span class='ocrx_word' id='word_1_99' title='bbox 466 1490 539 1532; x_wconf 79' lang='lat' dir='ltr'>vero</span> <span class='ocrx_word' id='word_1_100' title='bbox 561 1467 752 1554; x_wconf 84' lang='lat' dir='ltr'>pronunciat</span> <span class='ocrx_word' id='word_1_101' title='bbox 772 1466 942 1551; x_wconf 90' lang='lat' dir='ltr'>antiquum</span> <span class='ocrx_word' id='word_1_102' title='bbox 965 1464 1054 1530; x_wconf 88' lang='lat' dir='ltr'>fuisse</span> <span class='ocrx_word' id='word_1_103' title='bbox 1077 1488 1194 1531; x_wconf 83' lang='lat' dir='ltr'>nomen</span> 
     </span>
    </p>
   </div>
   <div class='ocr_carea' id='block_1_3' title="bbox 28 1563 1194 1654">
    <p class='ocr_par' dir='ltr' id='par_1_3' title="bbox 28 1563 1194 1654">
     <span class='ocr_line' id='line_1_13' title="bbox 28 1563 1194 1654; baseline -0.003 -20"><span class='ocrx_word' id='word_1_104' title='bbox 28 1626 34 1634; x_wconf 93' lang='lat'><strong>.</strong></span> <span class='ocrx_word' id='word_1_105' title='bbox 163 1583 197 1631; x_wconf 89' lang='lat' dir='ltr'>et</span> <span class='ocrx_word' id='word_1_106' title='bbox 218 1590 335 1630; x_wconf 91' lang='lat' dir='ltr'>munus</span> <span class='ocrx_word' id='word_1_107' title='bbox 357 1574 441 1650; x_wconf 75' lang='grc' dir='ltr'><strong><em>σοφῦ,</em></strong></span> <span class='ocrx_word' id='word_1_108' title='bbox 462 1591 482 1632; x_wconf 92' lang='lat' dir='ltr'>a</span> <span class='ocrx_word' id='word_1_109' title='bbox 498 1568 609 1654; x_wconf 91' lang='lat' dir='ltr'>quoin</span> <span class='ocrx_word' id='word_1_110' title='bbox 626 1566 781 1631; x_wconf 83' lang='lat' dir='ltr'>diversum</span> <span class='ocrx_word' id='word_1_111' title='bbox 796 1565 984 1651; x_wconf 85' lang='lat' dir='ltr'>prodierunt</span> <span class='ocrx_word' id='word_1_112' title='bbox 999 1564 1064 1629; x_wconf 92' lang='lat' dir='ltr'>duo</span> <span class='ocrx_word' id='word_1_113' title='bbox 1078 1563 1194 1631; x_wconf 78' lang='lat' dir='ltr'>diversa</span> 
     </span>
    </p>
   </div>
   <div class='ocr_carea' id='block_1_4' title="bbox 161 1664 1194 2057">
    <p class='ocr_par' dir='ltr' id='par_1_4' title="bbox 161 1664 1194 2057">
     <span class='ocr_line' id='line_1_14' title="bbox 164 1664 1194 1752; baseline 0 -22"><span class='ocrx_word' id='word_1_114' title='bbox 164 1668 293 1731; x_wconf 92' lang='lat' dir='ltr'>nomina</span> <span class='ocrx_word' id='word_1_115' title='bbox 312 1682 347 1731; x_wconf 87' lang='lat' dir='ltr'>et</span> <span class='ocrx_word' id='word_1_116' title='bbox 367 1691 499 1732; x_wconf 84' lang='lat' dir='ltr'>munero</span> <span class='ocrx_word' id='word_1_117' title='bbox 516 1666 650 1752; x_wconf 78' lang='grc' dir='ltr'><strong><em>φιλοσόφν</em></strong></span> <span class='ocrx_word' id='word_1_118' title='bbox 665 1680 698 1730; x_wconf 87' lang='lat' dir='ltr'>et</span> <span class='ocrx_word' id='word_1_119' title='bbox 710 1672 823 1748; x_wconf 76' lang='grc' dir='ltr'><strong><em>οοφιςῦ,</em></strong></span> <span class='ocrx_word' id='word_1_120' title='bbox 838 1665 878 1728; x_wconf 89' lang='lat' dir='ltr'>de</span> <span class='ocrx_word' id='word_1_121' title='bbox 895 1664 1087 1751; x_wconf 85' lang='lat' dir='ltr'>Muefiphilo</span> <span class='ocrx_word' id='word_1_122' title='bbox 1103 1665 1194 1730; x_wconf 89' lang='lat' dir='ltr'>Solo·</span> 
     </span>
     <span class='ocr_line' id='line_1_15' title="bbox 165 1765 1194 1862; baseline -0.003 -29"><span class='ocrx_word' id='word_1_123' title='bbox 165 1769 213 1833; x_wconf 82' lang='lat' dir='ltr'>nis</span> <span class='ocrx_word' id='word_1_124' title='bbox 235 1768 379 1834; x_wconf 79' lang='lat' dir='ltr'>familiari</span> <span class='ocrx_word' id='word_1_125' title='bbox 399 1793 545 1834; x_wconf 74' lang='lat' dir='ltr'>narrans:</span> <span class='ocrx_word' id='word_1_126' title='bbox 569 1767 733 1847; x_wconf 76' lang='grc' dir='ltr'><strong><em>Μνησιφῖλιι</em></strong></span> <span class='ocrx_word' id='word_1_127' title='bbox 750 1769 797 1831; x_wconf 74' lang='grc' dir='ltr'>τὸν</span> <span class='ocrx_word' id='word_1_128' title='bbox 811 1765 994 1850; x_wconf 76' lang='grc' dir='ltr'><strong><em>Θεμιςοιιλὲα</em></strong></span> <span class='ocrx_word' id='word_1_129' title='bbox 1014 1771 1050 1862; x_wconf 61' lang='lat' dir='ltr'>n}</span> <span class='ocrx_word' id='word_1_130' title='bbox 1071 1766 1194 1853; x_wconf 71' lang='grc' dir='ltr'><strong><em>Φςναφίν</em></strong></span> 
     </span>
     <span class='ocr_line' id='line_1_16' title="bbox 162 1868 1194 1958; baseline -0.002 -22"><span class='ocrx_word' id='word_1_131' title='bbox 162 1877 282 1952; x_wconf 75' lang='grc' dir='ltr'><strong><em>ζηλωτὴν</em></strong></span> <span class='ocrx_word' id='word_1_132' title='bbox 295 1871 529 1957; x_wconf 53' lang='lat' dir='ltr'>widulf—cirre</span> <span class='ocrx_word' id='word_1_133' title='bbox 543 1873 650 1958; x_wconf 74' lang='grc' dir='ltr'><strong><em>ῥήτοφος</em></strong></span> <span class='ocrx_word' id='word_1_134' title='bbox 664 1870 749 1951; x_wconf 80' lang='grc' dir='ltr'><strong><em>ὄντος,</em></strong></span> <span class='ocrx_word' id='word_1_135' title='bbox 765 1868 825 1934; x_wconf 75' lang='grc' dir='ltr'><strong><em>οὔτε</em></strong></span> <span class='ocrx_word' id='word_1_136' title='bbox 842 1878 896 1933; x_wconf 83' lang='grc' dir='ltr'><strong><em>τοῖιν</em></strong></span> <span class='ocrx_word' id='word_1_137' title='bbox 909 1877 1030 1951; x_wconf 78' lang='grc' dir='ltr'><strong><em>φυτικῶν</em></strong></span> <span class='ocrx_word' id='word_1_138' title='bbox 1041 1868 1194 1946; x_wconf 62' lang='grc' dir='ltr'><strong><em>κληθέντων</em></strong></span> 
     </span>
     <span class='ocr_line' id='line_1_17' title="bbox 161 1970 1194 2057; baseline 0 -20"><span class='ocrx_word' id='word_1_139' title='bbox 161 1977 325 2057; x_wconf 82' lang='grc' dir='ltr'><strong><em>φιλοσόφων,</em></strong></span> <span class='ocrx_word' id='word_1_140' title='bbox 342 1980 421 2038; x_wconf 69' lang='grc' dir='ltr'>ἀλλὰ</span> <span class='ocrx_word' id='word_1_141' title='bbox 441 1980 488 2054; x_wconf 64' lang='grc' dir='ltr'>τὴν</span> <span class='ocrx_word' id='word_1_142' title='bbox 511 1973 667 2057; x_wconf 71' lang='grc' dir='ltr'><strong><em>καλεομένην</em></strong></span> <span class='ocrx_word' id='word_1_143' title='bbox 685 1972 797 2057; x_wconf 78' lang='grc' dir='ltr'><strong><em>σοφίαν,</em></strong></span> <span class='ocrx_word' id='word_1_144' title='bbox 812 1970 896 2036; x_wconf 74' lang='grc' dir='ltr'><strong><em>οὖσαν</em></strong></span> <span class='ocrx_word' id='word_1_145' title='bbox 915 1972 942 2035; x_wconf 65' lang='grc' dir='ltr'>δὲ</span> <span class='ocrx_word' id='word_1_146' title='bbox 959 1971 1094 2049; x_wconf 71' lang='grc' dir='ltr'><strong><em>δεινότητα</em></strong></span> <span class='ocrx_word' id='word_1_147' title='bbox 1105 1986 1194 2037; x_wconf 67' lang='grc' dir='ltr'><strong><em>πολι·</em></strong></span> 
     </span>
    </p>
   </div>
   <div class='ocr_carea' id='block_1_5' title="bbox 50 2075 1194 2165">
    <p class='ocr_par' dir='ltr' id='par_1_5' title="bbox 50 2075 1194 2165">
     <span class='ocr_line' id='line_1_18' title="bbox 50 2075 1194 2165; baseline 0 -26"><span class='ocrx_word' id='word_1_148' title='bbox 50 2090 57 2101; x_wconf 74' lang='grc'><strong>“</strong></span> <span class='ocrx_word' id='word_1_149' title='bbox 160 2083 249 2157; x_wconf 73' lang='grc' dir='ltr'><strong><em>τικῆν,</em></strong></span> <span class='ocrx_word' id='word_1_150' title='bbox 268 2079 289 2162; x_wconf 75' lang='lat' dir='ltr'>’b</span> <span class='ocrx_word' id='word_1_151' title='bbox 311 2080 451 2165; x_wconf 73' lang='grc' dir='ltr'><strong><em>ὂφαςῆφιον</em></strong></span> <span class='ocrx_word' id='word_1_152' title='bbox 472 2080 590 2156; x_wconf 82' lang='grc' dir='ltr'><strong><em>σύνεσιν,</em></strong></span> <span class='ocrx_word' id='word_1_153' title='bbox 605 2077 770 2158; x_wconf 73' lang='grc' dir='ltr'><strong><em>ἐπιτήδευμα</em></strong></span> <span class='ocrx_word' id='word_1_154' title='bbox 787 2075 992 2163; x_wconf 54' lang='grc' dir='ltr'><strong><em>σποιημέννιὲ</em></strong></span> <span class='ocrx_word' id='word_1_155' title='bbox 1007 2076 1194 2158; x_wconf 76' lang='grc' dir='ltr'>διοισιιίζονιίνςΙ</span> 
     </span>
    </p>
   </div>
   <div class='ocr_carea' id='block_1_6' title="bbox 83 2176 1194 4314">
    <p class='ocr_par' dir='ltr' id='par_1_6' title="bbox 160 2176 1194 2471">
     <span class='ocr_line' id='line_1_19' title="bbox 160 2176 1194 2267; baseline 0.001 -25"><span class='ocrx_word' id='word_1_156' title='bbox 160 2176 250 2266; x_wconf 68' lang='grc' dir='ltr'><strong><em>ὥσπερ</em></strong></span> <span class='ocrx_word' id='word_1_157' title='bbox 264 2181 367 2267; x_wconf 63' lang='grc' dir='ltr'><strong><em>αἵρεσιν</em></strong></span> <span class='ocrx_word' id='word_1_158' title='bbox 386 2185 417 2243; x_wconf 78' lang='grc' dir='ltr'><strong><em>ἐν</em></strong></span> <span class='ocrx_word' id='word_1_159' title='bbox 435 2183 561 2266; x_wconf 75' lang='grc' dir='ltr'>διαδοχῆς</span> <span class='ocrx_word' id='word_1_160' title='bbox 581 2181 634 2242; x_wconf 66' lang='lat' dir='ltr'>erl</span> <span class='ocrx_word' id='word_1_161' title='bbox 654 2179 789 2253; x_wconf 72' lang='grc' dir='ltr'><strong><em>Σόλωνος·</em></strong></span> <span class='ocrx_word' id='word_1_162' title='bbox 812 2179 843 2254; x_wconf 70' lang='grc' dir='ltr'><strong><em>ἢν</em></strong></span> <span class='ocrx_word' id='word_1_163' title='bbox 856 2185 880 2242; x_wconf 79' lang='grc' dir='ltr'><strong><em>οἶ</em></strong></span> <span class='ocrx_word' id='word_1_164' title='bbox 896 2183 969 2261; x_wconf 76' lang='grc' dir='ltr'><strong><em>μετὰ</em></strong></span> <span class='ocrx_word' id='word_1_165' title='bbox 983 2185 1075 2242; x_wconf 75' lang='grc' dir='ltr'><strong><em>ταῦτα</em></strong></span> <span class='ocrx_word' id='word_1_166' title='bbox 1088 2182 1194 2243; x_wconf 79' lang='grc' dir='ltr'><strong><em>δικανι-</em></strong></span> 
     </span>
     <span class='ocr_line' id='line_1_20' title="bbox 161 2282 1194 2370; baseline 0.002 -26"><span class='ocrx_word' id='word_1_167' title='bbox 161 2287 223 2357; x_wconf 80' lang='grc' dir='ltr'><strong><em>καῖς</em></strong></span> <span class='ocrx_word' id='word_1_168' title='bbox 236 2283 364 2364; x_wconf 73' lang='grc' dir='ltr'>μίξαντες</span> <span class='ocrx_word' id='word_1_169' title='bbox 382 2283 508 2368; x_wconf 72' lang='grc' dir='ltr'><strong><em>τέχναις,</em></strong></span> <span class='ocrx_word' id='word_1_170' title='bbox 523 2284 570 2346; x_wconf 76' lang='grc' dir='ltr'>καὶ</span> <span class='ocrx_word' id='word_1_171' title='bbox 584 2282 795 2368; x_wconf 75' lang='grc' dir='ltr'><strong><em>μεταγαγόντες</em></strong></span> <span class='ocrx_word' id='word_1_172' title='bbox 807 2284 861 2345; x_wconf 76' lang='grc' dir='ltr'>ἀπὸ</span> <span class='ocrx_word' id='word_1_173' title='bbox 875 2290 929 2346; x_wconf 76' lang='grc' dir='ltr'>τῶν</span> <span class='ocrx_word' id='word_1_174' title='bbox 942 2282 1128 2370; x_wconf 61' lang='grc' dir='ltr'><strong><em>πραγμάτων</em></strong></span> <span class='ocrx_word' id='word_1_175' title='bbox 1147 2287 1194 2362; x_wconf 72' lang='grc' dir='ltr'>τὴν</span> 
     </span>
     <span class='ocr_line' id='line_1_21' title="bbox 160 2380 1194 2471; baseline 0.004 -27"><span class='ocrx_word' id='word_1_176' title='bbox 160 2381 279 2460; x_wconf 77' lang='grc' dir='ltr'><strong><em>ἄσκησιν</em></strong></span> <span class='ocrx_word' id='word_1_177' title='bbox 293 2384 335 2446; x_wconf 73' lang='grc' dir='ltr'>ἐπὶ</span> <span class='ocrx_word' id='word_1_178' title='bbox 349 2380 399 2459; x_wconf 69' lang='grc' dir='ltr'>τές</span> <span class='ocrx_word' id='word_1_179' title='bbox 412 2383 513 2470; x_wconf 75' lang='grc' dir='ltr'><strong><em>λόγος,</em></strong></span> <span class='ocrx_word' id='word_1_180' title='bbox 529 2383 638 2468; x_wconf 63' lang='lat' dir='ltr'>cuprea)</span> <span class='ocrx_word' id='word_1_181' title='bbox 651 2382 921 2471; x_wconf 72' lang='grc' dir='ltr'><strong><em>τφοσηγοφτῦθησαν.</em></strong></span> <span class='ocrx_word' id='word_1_182' title='bbox 957 2383 1021 2449; x_wconf 87' lang='lat' dir='ltr'>Sed</span> <span class='ocrx_word' id='word_1_183' title='bbox 1036 2397 1069 2448; x_wconf 87' lang='lat' dir='ltr'>et</span> <span class='ocrx_word' id='word_1_184' title='bbox 1082 2407 1194 2471; x_wconf 76' lang='lat' dir='ltr'>gram·</span> 
     </span>
    </p>

    <p class='ocr_par' dir='ltr' id='par_1_7' title="bbox 83 2484 1194 4314">
     <span class='ocr_line' id='line_1_22' title="bbox 161 2484 1194 2572; baseline 0.005 -23"><span class='ocrx_word' id='word_1_185' title='bbox 161 2485 279 2551; x_wconf 76' lang='lat' dir='ltr'>marica</span> <span class='ocrx_word' id='word_1_186' title='bbox 298 2485 431 2549; x_wconf 88' lang='lat' dir='ltr'>ratioet</span> <span class='ocrx_word' id='word_1_187' title='bbox 452 2484 604 2572; x_wconf 89' lang='lat' dir='ltr'>loquendi</span> <span class='ocrx_word' id='word_1_188' title='bbox 625 2484 823 2550; x_wconf 88' lang='lat' dir='ltr'>consuetudo</span> <span class='ocrx_word' id='word_1_189' title='bbox 842 2485 1004 2571; x_wconf 89' lang='lat' dir='ltr'>duplicem</span> <span class='ocrx_word' id='word_1_190' title='bbox 1025 2486 1194 2554; x_wconf 83' lang='lat' dir='ltr'>notionem</span> 
     </span>
     <span class='ocr_line' id='line_1_23' title="bbox 83 2573 1193 2671; baseline 0.004 -21"><span class='ocrx_word' id='word_1_191' title='bbox 83 2573 87 2579; x_wconf 39' lang='lat'>¹</span> <span class='ocrx_word' id='word_1_192' title='bbox 160 2592 261 2671; x_wconf 72' lang='grc' dir='ltr'><strong><em>σοφιςέ</em></strong></span> <span class='ocrx_word' id='word_1_193' title='bbox 281 2587 461 2667; x_wconf 88' lang='lat' dir='ltr'>ostendunt,</span> <span class='ocrx_word' id='word_1_194' title='bbox 477 2600 511 2652; x_wconf 90' lang='lat' dir='ltr'>et</span> <span class='ocrx_word' id='word_1_195' title='bbox 527 2586 734 2653; x_wconf 88' lang='lat' dir='ltr'>honorificam</span> <span class='ocrx_word' id='word_1_196' title='bbox 748 2602 781 2652; x_wconf 89' lang='lat' dir='ltr'>et</span> <span class='ocrx_word' id='word_1_197' title='bbox 795 2587 997 2652; x_wconf 86' lang='lat' dir='ltr'>contrariam.</span> <span class='ocrx_word' id='word_1_198' title='bbox 1032 2589 1085 2653; x_wconf 85' lang='lat' dir='ltr'>Est</span> <span class='ocrx_word' id='word_1_199' title='bbox 1104 2589 1193 2654; x_wconf 89' lang='lat' dir='ltr'>enim</span> 
     </span>
     <span class='ocr_line' id='line_1_24' title="bbox 160 2687 1194 2777; baseline 0.003 -24"><span class='ocrx_word' id='word_1_200' title='bbox 160 2691 202 2754; x_wconf 87' lang='lat' dir='ltr'>ab</span> <span class='ocrx_word' id='word_1_201' title='bbox 220 2689 335 2754; x_wconf 80' lang='lat' dir='ltr'>Aetivo</span> <span class='ocrx_word' id='word_1_202' title='bbox 356 2687 468 2772; x_wconf 79' lang='grc' dir='ltr'><strong><em>τοφίζιο,</em></strong></span> <span class='ocrx_word' id='word_1_203' title='bbox 485 2687 673 2776; x_wconf 79' lang='lat' dir='ltr'>aliumsacio</span> <span class='ocrx_word' id='word_1_204' title='bbox 683 2688 862 2777; x_wconf 76' lang='lat' dir='ltr'>sapientem,</span> <span class='ocrx_word' id='word_1_205' title='bbox 883 2693 1006 2770; x_wconf 76' lang='grc' dir='ltr'><strong><em>τοφιςὴς,</em></strong></span> <span class='ocrx_word' id='word_1_206' title='bbox 1028 2690 1154 2755; x_wconf 59' lang='lat' dir='ltr'>doecre</span> <span class='ocrx_word' id='word_1_207' title='bbox 1175 2713 1194 2756; x_wconf 82' lang='lat' dir='ltr'><strong>a</strong></span> 
     </span>
     <span class='ocr_line' id='line_1_25' title="bbox 159 2789 1194 2880; baseline 0.001 -26"><span class='ocrx_word' id='word_1_208' title='bbox 159 2791 273 2856; x_wconf 90' lang='lat' dir='ltr'>Medio</span> <span class='ocrx_word' id='word_1_209' title='bbox 294 2794 449 2874; x_wconf 57' lang='grc' dir='ltr'><strong><em>σοφίζομαι,</em></strong></span> <span class='ocrx_word' id='word_1_210' title='bbox 467 2793 633 2880; x_wconf 77' lang='lat' dir='ltr'>sapientem</span> <span class='ocrx_word' id='word_1_211' title='bbox 664 2815 708 2855; x_wconf 79' lang='grc' dir='ltr'><strong><em>νιιι</em></strong></span> <span class='ocrx_word' id='word_1_212' title='bbox 732 2815 815 2879; x_wconf 83' lang='lat' dir='ltr'>gero,</span> <span class='ocrx_word' id='word_1_213' title='bbox 839 2789 962 2875; x_wconf 85' lang='lat' dir='ltr'>stmulo,</span> <span class='ocrx_word' id='word_1_214' title='bbox 985 2792 1194 2879; x_wconf 77' lang='lat' dir='ltr'>camuriniscor,</span> 
     </span>
     <span class='ocr_line' id='line_1_26' title="bbox 158 2891 1193 2980; baseline 0.005 -26"><span class='ocrx_word' id='word_1_215' title='bbox 158 2897 280 2973; x_wconf 77' lang='grc' dir='ltr'><strong><em>σοφιςὴς,</em></strong></span> <span class='ocrx_word' id='word_1_216' title='bbox 299 2893 460 2976; x_wconf 75' lang='lat' dir='ltr'>simulator</span> <span class='ocrx_word' id='word_1_217' title='bbox 480 2893 533 2957; x_wconf 80' lang='lat' dir='ltr'>vel</span> <span class='ocrx_word' id='word_1_218' title='bbox 557 2891 709 2978; x_wconf 75' lang='lat' dir='ltr'>rstenlalm</span> <span class='ocrx_word' id='word_1_219' title='bbox 724 2893 909 2980; x_wconf 68' lang='lat' dir='ltr'>sapientia:</span> <span class='ocrx_word' id='word_1_220' title='bbox 940 2893 1071 2958; x_wconf 83' lang='lat' dir='ltr'>subinde</span> <span class='ocrx_word' id='word_1_221' title='bbox 1092 2894 1193 2959; x_wconf 80' lang='lat' dir='ltr'>etiam</span> 
     </span>
     <span class='ocr_line' id='line_1_27' title="bbox 160 2994 1192 3079; baseline 0.005 -22"><span class='ocrx_word' id='word_1_222' title='bbox 160 3009 294 3079; x_wconf 83' lang='lat' dir='ltr'>utraque</span> <span class='ocrx_word' id='word_1_223' title='bbox 315 2994 406 3058; x_wconf 91' lang='lat' dir='ltr'>notio</span> <span class='ocrx_word' id='word_1_224' title='bbox 426 2994 516 3059; x_wconf 80' lang='lat' dir='ltr'>timul</span> <span class='ocrx_word' id='word_1_225' title='bbox 538 2995 569 3057; x_wconf 92' lang='lat' dir='ltr'>in</span> <span class='ocrx_word' id='word_1_226' title='bbox 586 2995 647 3058; x_wconf 95' lang='lat' dir='ltr'>hoc</span> <span class='ocrx_word' id='word_1_227' title='bbox 663 2994 816 3058; x_wconf 85' lang='lat' dir='ltr'>vocabulo</span> <span class='ocrx_word' id='word_1_228' title='bbox 838 2994 1036 3058; x_wconf 86' lang='lat' dir='ltr'>cernebatur.</span> <span class='ocrx_word' id='word_1_229' title='bbox 1079 2995 1192 3063; x_wconf 90' lang='lat' dir='ltr'>Philo·</span> 
     </span>
     <span class='ocr_line' id='line_1_28' title="bbox 159 3092 1193 3182; baseline 0.006 -24"><span class='ocrx_word' id='word_1_230' title='bbox 159 3092 248 3178; x_wconf 90' lang='lat' dir='ltr'>sophi</span> <span class='ocrx_word' id='word_1_231' title='bbox 263 3094 393 3180; x_wconf 90' lang='lat' dir='ltr'>quidem</span> <span class='ocrx_word' id='word_1_232' title='bbox 412 3095 452 3158; x_wconf 91' lang='lat' dir='ltr'>ab</span> <span class='ocrx_word' id='word_1_233' title='bbox 469 3095 538 3182; x_wconf 87' lang='lat' dir='ltr'>ejus</span> <span class='ocrx_word' id='word_1_234' title='bbox 552 3094 777 3158; x_wconf 87' lang='lat' dir='ltr'>communione</span> <span class='ocrx_word' id='word_1_235' title='bbox 791 3094 887 3159; x_wconf 86' lang='lat' dir='ltr'>eximi</span> <span class='ocrx_word' id='word_1_236' title='bbox 909 3096 939 3160; x_wconf 89' lang='lat' dir='ltr'>se</span> <span class='ocrx_word' id='word_1_237' title='bbox 959 3095 1143 3176; x_wconf 84' lang='lat' dir='ltr'>voluerunt,</span> <span class='ocrx_word' id='word_1_238' title='bbox 1157 3114 1193 3164; x_wconf 88' lang='lat' dir='ltr'>et</span> 
     </span>
     <span class='ocr_line' id='line_1_29' title="bbox 157 3196 1190 3285; baseline 0.004 -23"><span class='ocrx_word' id='word_1_239' title='bbox 157 3197 254 3262; x_wconf 84' lang='lat' dir='ltr'>eximi</span> <span class='ocrx_word' id='word_1_240' title='bbox 268 3197 365 3283; x_wconf 87' lang='lat' dir='ltr'>coepti</span> <span class='ocrx_word' id='word_1_241' title='bbox 380 3198 451 3261; x_wconf 89' lang='lat' dir='ltr'>sunt</span> <span class='ocrx_word' id='word_1_242' title='bbox 465 3220 539 3260; x_wconf 84' lang='lat' dir='ltr'>mox</span> <span class='ocrx_word' id='word_1_243' title='bbox 554 3199 620 3282; x_wconf 85' lang='lat' dir='ltr'>post</span> <span class='ocrx_word' id='word_1_244' title='bbox 635 3196 811 3274; x_wconf 71' lang='lat' dir='ltr'>indultum,</span> <span class='ocrx_word' id='word_1_245' title='bbox 825 3212 862 3262; x_wconf 87' lang='lat' dir='ltr'>ut</span> <span class='ocrx_word' id='word_1_246' title='bbox 877 3197 1010 3277; x_wconf 90' lang='lat' dir='ltr'>videtur,</span> <span class='ocrx_word' id='word_1_247' title='bbox 1029 3220 1048 3261; x_wconf 84' lang='lat' dir='ltr'>a</span> <span class='ocrx_word' id='word_1_248' title='bbox 1064 3199 1190 3285; x_wconf 81' lang='lat' dir='ltr'>Pytha·</span> 
     </span>
     <span class='ocr_line' id='line_1_30' title="bbox 155 3298 1192 3388; baseline 0.003 -25"><span class='ocrx_word' id='word_1_249' title='bbox 155 3322 235 3386; x_wconf 82' lang='lat' dir='ltr'>gora</span> <span class='ocrx_word' id='word_1_250' title='bbox 257 3321 373 3363; x_wconf 89' lang='lat' dir='ltr'>nomen</span> <span class='ocrx_word' id='word_1_251' title='bbox 393 3298 602 3386; x_wconf 74' lang='lat' dir='ltr'>philosophice:</span> <span class='ocrx_word' id='word_1_252' title='bbox 625 3300 728 3384; x_wconf 81' lang='lat' dir='ltr'>magis</span> <span class='ocrx_word' id='word_1_253' title='bbox 750 3300 860 3378; x_wconf 91' lang='lat' dir='ltr'>etiam,</span> <span class='ocrx_word' id='word_1_254' title='bbox 884 3300 998 3364; x_wconf 85' lang='lat' dir='ltr'>finibus</span> <span class='ocrx_word' id='word_1_255' title='bbox 1022 3298 1192 3388; x_wconf 86' lang='lat' dir='ltr'>utriusque</span> 
     </span>
     <span class='ocr_line' id='line_1_31' title="bbox 155 3401 1190 3489; baseline 0.006 -24"><span class='ocrx_word' id='word_1_256' title='bbox 155 3402 281 3488; x_wconf 86' lang='lat' dir='ltr'>generis</span> <span class='ocrx_word' id='word_1_257' title='bbox 309 3401 478 3488; x_wconf 85' lang='lat' dir='ltr'>diligenter</span> <span class='ocrx_word' id='word_1_258' title='bbox 506 3401 674 3486; x_wconf 81' lang='lat' dir='ltr'>defignatis</span> <span class='ocrx_word' id='word_1_259' title='bbox 704 3424 723 3464; x_wconf 90' lang='lat' dir='ltr'>a</span> <span class='ocrx_word' id='word_1_260' title='bbox 751 3401 881 3467; x_wconf 86' lang='lat' dir='ltr'>Platone</span> <span class='ocrx_word' id='word_1_261' title='bbox 909 3403 939 3465; x_wconf 92' lang='lat' dir='ltr'>in</span> <span class='ocrx_word' id='word_1_262' title='bbox 968 3402 1098 3489; x_wconf 85' lang='lat' dir='ltr'>dialogo</span> <span class='ocrx_word' id='word_1_263' title='bbox 1124 3405 1190 3471; x_wconf 89' lang='lat' dir='ltr'>So-</span> 
     </span>
     <span class='ocr_line' id='line_1_32' title="bbox 156 3503 1190 3597; baseline 0.006 -31"><span class='ocrx_word' id='word_1_264' title='bbox 156 3504 275 3589; x_wconf 85' lang='lat' dir='ltr'>pbilla:</span> <span class='ocrx_word' id='word_1_265' title='bbox 299 3504 435 3590; x_wconf 76' lang='lat' dir='ltr'>graviter</span> <span class='ocrx_word' id='word_1_266' title='bbox 449 3503 525 3568; x_wconf 90' lang='lat' dir='ltr'>item</span> <span class='ocrx_word' id='word_1_267' title='bbox 541 3527 559 3566; x_wconf 87' lang='lat' dir='ltr'>a</span> <span class='ocrx_word' id='word_1_268' title='bbox 574 3503 789 3588; x_wconf 83' lang='lat' dir='ltr'>Xenophonte</span> <span class='ocrx_word' id='word_1_269' title='bbox 804 3505 835 3568; x_wconf 92' lang='lat' dir='ltr'>in</span> <span class='ocrx_word' id='word_1_270' title='bbox 852 3506 1042 3592; x_wconf 82' lang='lat' dir='ltr'>Cynegetici</span> <span class='ocrx_word' id='word_1_271' title='bbox 1055 3506 1190 3597; x_wconf 84' lang='lat' dir='ltr'>epilogo</span> 
     </span>
     <span class='ocr_line' id='line_1_33' title="bbox 155 3606 1189 3693; baseline 0.008 -26"><span class='ocrx_word' id='word_1_272' title='bbox 155 3627 189 3690; x_wconf 94' lang='lat' dir='ltr'>p.</span> <span class='ocrx_word' id='word_1_273' title='bbox 205 3606 279 3689; x_wconf 85' lang='lat'><strong>998.</strong></span> <span class='ocrx_word' id='word_1_274' title='bbox 296 3608 358 3693; x_wconf 89' lang='lat' dir='ltr'>seq.</span> <span class='ocrx_word' id='word_1_275' title='bbox 375 3606 556 3692; x_wconf 87' lang='lat' dir='ltr'>frequenter</span> <span class='ocrx_word' id='word_1_276' title='bbox 570 3608 610 3671; x_wconf 89' lang='lat' dir='ltr'>ab</span> <span class='ocrx_word' id='word_1_277' title='bbox 628 3607 773 3685; x_wconf 87' lang='lat' dir='ltr'>Isocrate,</span> <span class='ocrx_word' id='word_1_278' title='bbox 788 3606 844 3692; x_wconf 92' lang='lat' dir='ltr'>qui</span> <span class='ocrx_word' id='word_1_279' title='bbox 856 3606 931 3672; x_wconf 88' lang='lat' dir='ltr'>licet</span> <span class='ocrx_word' id='word_1_280' title='bbox 952 3608 1099 3673; x_wconf 85' lang='lat' dir='ltr'>mercede</span> <span class='ocrx_word' id='word_1_281' title='bbox 1116 3611 1189 3676; x_wconf 91' lang='lat' dir='ltr'>elo·</span> 
     </span>
     <span class='ocr_line' id='line_1_34' title="bbox 155 3706 1187 3794; baseline 0.007 -25"><span class='ocrx_word' id='word_1_282' title='bbox 155 3706 318 3792; x_wconf 86' lang='lat' dir='ltr'>quentiam</span> <span class='ocrx_word' id='word_1_283' title='bbox 334 3707 465 3786; x_wconf 88' lang='lat' dir='ltr'>docens,</span> <span class='ocrx_word' id='word_1_284' title='bbox 481 3724 587 3771; x_wconf 83' lang='lat' dir='ltr'>tumen</span> <span class='ocrx_word' id='word_1_285' title='bbox 603 3715 754 3791; x_wconf 63' lang='grc' dir='ltr'><strong><em>φιλοσοφεῖν</em></strong></span> <span class='ocrx_word' id='word_1_286' title='bbox 776 3710 807 3772; x_wconf 87' lang='lat' dir='ltr'>se</span> <span class='ocrx_word' id='word_1_287' title='bbox 831 3711 1050 3794; x_wconf 86' lang='lat' dir='ltr'>profitebatur,</span> <span class='ocrx_word' id='word_1_288' title='bbox 1073 3711 1187 3776; x_wconf 91' lang='lat' dir='ltr'>suum·</span> 
     </span>
     <span class='ocr_line' id='line_1_35' title="bbox 153 3808 1189 3903; baseline 0.009 -32"><span class='ocrx_word' id='word_1_289' title='bbox 153 3831 217 3893; x_wconf 88' lang='lat' dir='ltr'>que</span> <span class='ocrx_word' id='word_1_290' title='bbox 232 3808 367 3872; x_wconf 81' lang='lat' dir='ltr'>studium</span> <span class='ocrx_word' id='word_1_291' title='bbox 383 3809 542 3891; x_wconf 78' lang='grc' dir='ltr'><strong><em>φιλοσοφίαν</em></strong></span> <span class='ocrx_word' id='word_1_292' title='bbox 555 3808 746 3895; x_wconf 85' lang='lat' dir='ltr'>appellabat.</span> <span class='ocrx_word' id='word_1_293' title='bbox 785 3811 889 3897; x_wconf 85' lang='lat' dir='ltr'>Igitur</span> <span class='ocrx_word' id='word_1_294' title='bbox 902 3811 998 3877; x_wconf 75' lang='lat' dir='ltr'>sicubi</span> <span class='ocrx_word' id='word_1_295' title='bbox 1014 3811 1189 3903; x_wconf 65' lang='lat' dir='ltr'>philrffupho</span> 
     </span>
     <span class='ocr_line' id='line_1_36' title="bbox 152 3909 1188 3999; baseline 0.008 -24"><span class='ocrx_word' id='word_1_296' title='bbox 152 3911 305 3975; x_wconf 86' lang='lat' dir='ltr'>tribuitur</span> <span class='ocrx_word' id='word_1_297' title='bbox 323 3933 439 3975; x_wconf 88' lang='lat' dir='ltr'>nomen</span> <span class='ocrx_word' id='word_1_298' title='bbox 451 3909 607 3998; x_wconf 76' lang='lat' dir='ltr'>sophislae3</span> <span class='ocrx_word' id='word_1_299' title='bbox 631 3913 665 3975; x_wconf 83' lang='lat' dir='ltr'>fit</span> <span class='ocrx_word' id='word_1_300' title='bbox 681 3913 743 3977; x_wconf 89' lang='lat' dir='ltr'>hoc</span> <span class='ocrx_word' id='word_1_301' title='bbox 765 3914 814 3976; x_wconf 81' lang='lat' dir='ltr'>vel</span> <span class='ocrx_word' id='word_1_302' title='bbox 837 3936 892 3999; x_wconf 89' lang='lat' dir='ltr'>per</span> <span class='ocrx_word' id='word_1_303' title='bbox 905 3929 1120 3995; x_wconf 87' lang='lat' dir='ltr'>contemtum,</span> <span class='ocrx_word' id='word_1_304' title='bbox 1137 3919 1188 3983; x_wconf 88' lang='lat' dir='ltr'>vel</span> 
     </span>
     <span class='ocr_line' id='line_1_37' title="bbox 107 4011 1194 4101; baseline 0.006 -24"><span class='ocrx_word' id='word_1_305' title='bbox 107 4039 110 4049; x_wconf 92' lang='lat'>·</span> <span class='ocrx_word' id='word_1_306' title='bbox 151 4013 344 4099; x_wconf 86' lang='lat' dir='ltr'>peculiarem</span> <span class='ocrx_word' id='word_1_307' title='bbox 358 4011 451 4076; x_wconf 83' lang='lat' dir='ltr'>aliam</span> <span class='ocrx_word' id='word_1_308' title='bbox 466 4013 620 4077; x_wconf 82' lang='lat' dir='ltr'>rationem</span> <span class='ocrx_word' id='word_1_309' title='bbox 633 4040 643 4077; x_wconf 83' lang='lat'>.-</span> <span class='ocrx_word' id='word_1_310' title='bbox 666 4015 763 4078; x_wconf 81' lang='lat' dir='ltr'>veluti</span> <span class='ocrx_word' id='word_1_311' title='bbox 777 4016 957 4101; x_wconf 87' lang='lat' dir='ltr'>Xenophon</span> <span class='ocrx_word' id='word_1_312' title='bbox 972 4018 1075 4082; x_wconf 91' lang='lat' dir='ltr'>Mem.</span> <span class='ocrx_word' id='word_1_313' title='bbox 1092 4020 1194 4085; x_wconf 89' lang='lat' dir='ltr'>Socr..</span> 
     </span>
     <span class='ocr_line' id='line_1_38' title="bbox 149 4114 1183 4209; baseline 0.009 -32"><span class='ocrx_word' id='word_1_314' title='bbox 149 4115 302 4199; x_wconf 82' lang='lat' dir='ltr'>l.1.15:</span> <span class='ocrx_word' id='word_1_315' title='bbox 327 4114 508 4196; x_wconf 73' lang='grc' dir='ltr'><strong><em>ὀκαλέμενος</em></strong></span> <span class='ocrx_word' id='word_1_316' title='bbox 531 4118 580 4177; x_wconf 79' lang='grc' dir='ltr'>ὑπὸ</span> <span class='ocrx_word' id='word_1_317' title='bbox 599 4123 652 4178; x_wconf 81' lang='grc' dir='ltr'>τῶν</span> <span class='ocrx_word' id='word_1_318' title='bbox 673 4126 791 4199; x_wconf 62' lang='lat' dir='ltr'>copus-eiu</span> <span class='ocrx_word' id='word_1_319' title='bbox 805 4117 917 4199; x_wconf 74' lang='grc' dir='ltr'><strong><em>κόσμος,</em></strong></span> <span class='ocrx_word' id='word_1_320' title='bbox 937 4121 1061 4207; x_wconf 70' lang='lat' dir='ltr'>phfficos</span> <span class='ocrx_word' id='word_1_321' title='bbox 1080 4122 1183 4209; x_wconf 76' lang='lat' dir='ltr'>philo·</span> 
     </span>
     <span class='ocr_line' id='line_1_39' title="bbox 137 4217 1184 4314; baseline 0.013 -35"><span class='ocrx_word' id='word_1_322' title='bbox 137 4218 246 4303; x_wconf 83' lang='lat' dir='ltr'>sophos</span> <span class='ocrx_word' id='word_1_323' title='bbox 268 4217 420 4304; x_wconf 80' lang='lat' dir='ltr'>fignificat</span> <span class='ocrx_word' id='word_1_324' title='bbox 431 4243 441 4298; x_wconf 83' lang='lat'><em>3</em></span> <span class='ocrx_word' id='word_1_325' title='bbox 471 4217 557 4304; x_wconf 90' lang='lat' dir='ltr'>quod</span> <span class='ocrx_word' id='word_1_326' title='bbox 578 4217 655 4286; x_wconf 89' lang='lat' dir='ltr'>scire</span> <span class='ocrx_word' id='word_1_327' title='bbox 677 4220 708 4286; x_wconf 86' lang='lat' dir='ltr'>se</span> <span class='ocrx_word' id='word_1_328' title='bbox 736 4226 886 4306; x_wconf 80' lang='lat' dir='ltr'>putarent</span> <span class='ocrx_word' id='word_1_329' title='bbox 907 4222 952 4304; x_wconf 89' lang='lat' dir='ltr'>id,</span> <span class='ocrx_word' id='word_1_330' title='bbox 977 4223 1063 4310; x_wconf 84' lang='lat' dir='ltr'>quod</span> <span class='ocrx_word' id='word_1_331' title='bbox 1089 4227 1184 4314; x_wconf 78' lang='lat' dir='ltr'>supra</span> 
     </span>
    </p>
   </div>
   <div class='ocr_carea' id='block_1_7' title="bbox 0 0 1350 4770">
    <p class='ocr_par' dir='ltr' id='par_1_8' title="bbox 0 0 1350 4770">
     <span class='ocr_line' id='line_1_40' title="bbox 0 0 1350 4770; baseline 0 3"><span class='ocrx_word' id='word_1_332' title='bbox 0 0 1350 4770; x_wconf 95' lang='lat' dir='ltr'> </span> 
     </span>
    </p>
   </div>
  </div>
 </body>
</html>
