2692 4770
289 324 494 395 APOPHTH.
510 334 600 395 REG.
613 334 666 395 ΕΤ
679 332 776 397 Duc.
795 354 824 413 p.
834 342 901 410 191.
911 327 1019 392 A-n.
1096 334 1186 404 1107'

136 492 284 561 AElianus
296 498 375 563 Var.
391 500 472 565 Hist.
488 501 549 565 XI.
564 512 618 585 51.
641 513 675 565 et
694 500 875 566 Athenaeus
889 497 968 562 VII.
989 518 1024 583 p.
1040 496 1114 582 089.
1130 497 1169 560 B.

64 595 66 599 ’
136 597 201 683 seq.
221 597 318 685 idque
333 602 608 668 accommodatius
629 601 670 667 ad
692 615 873 689 temporum
889 599 1041 678 ratIoues,
1058 596 1170 685 judice

136 698 314 768 Perizonio.
359 704 452 769 Plura
479 704 519 770 dc
545 704 672 770 medico
695 704 857 771 Fabricius
880 700 964 770 Bibl.
989 702 1047 766 Gr.
1070 700 1169 801 XIII.

135 818 261 889 6329·

182 906 314 988 191.A.
337 906 389 992 ς’.]
414 906 585 995 Apophth.
608 911 687 974 Lac.
711 929 744 994 p.
766 928 840 975 211.
861 910 900 971 E.
936 904 1014 971 Vita
1032 902 1172 990 Agesilai
1281 919 1283 922 ’

136 1021 170 1088 p.
187 1008 261 1087 604.
285 1008 319 1070 F.
358 1007 457 1072 Corn.
481 1010 593 1094 Nepos
615 1008 735 1098 Agesrl.
758 1011 801 1075 V.
827 1028 857 1074 2.
897 1004 1094 1089 Xenophon,
1115 1002 1173 1090 qui

135 1103 250 1185 fertur,
273 1105 306 1171 in
329 1109 477 1195 Agefilao
498 1112 576 1176 Vll.
594 1131 628 1193 4.
669 1108 771 1176 Praelii
791 1107 916 1175 mentio
938 1108 971 1172 in
994 1103 1173 1170 Hellenicis

134 1202 222 1272 illius
239 1209 296 1275 lV.
311 1229 344 1295 3.
360 1231 389 1275 1.
421 1213 567 1279 Diodoro
583 1214 647 1278 Sic.
662 1215 755 1278 XIV.
772 1215 825 1279 86.
840 1211 910 1276 aliis
923 1208 1029 1273 citatis
1043 1230 1062 1272 a
1075 1206 1171 1273 Wes-

135 1306 283 1397 selingio,
300 1312 387 1377 nulla
402 1311 442 1378 de
457 1313 544 1379 disto
558 1315 698 1403 Agesilai
712 1311 1030 1380 commemoratione.

181 1431 254 1498 191.
270 1414 309 1478 B.
334 1413 387 1501 ζ’.]
414 1417 586 1503 Apophth.
610 1420 742 1503 Lac.·p.
759 1436 833 1505 209.
853 1417 905 1480 A:
933 1413 993 1491 ubi
1014 1412 1172 1477 Dodonam

135 1510 210 1577 loco
236 1513 381 1605 Olympia
401 1518 521 1604 prodit.
557 1520 610 1583 De
631 1519 693 1585 hoc
715 1519 854 1607 Agefilai
877 1530 1063 1584 commento
1088 1526 1174 1580 tacet

137 1614 328 1682 Plutarchus
356 1619 388 1682 in
414 1619 503 1700 Vita,
531 1632 641 1686 tacent
670 1620 852 1708 Xenophon
881 1633 915 1685 et
941 1617 1060 1697 caeteri,
1085 1614 1175 1703 quod

135 1716 244 1798 sciam,
259 1720 437 1807 scriptores.
474 1724 546 1787 Nec
568 1745 588 1787 a
610 1723 794 1803 Plutarcho,
817 1722 870 1788 sed
891 1719 1100 1806 compilatore
1119 1719 1174 1797 est,

138 1819 240 1904 quiin
259 1821 397 1908 Agesilai
419 1846 536 1888 nomen
560 1824 729 1904 transtulit,
744 1824 832 1911 quod
854 1823 894 1888 de
912 1819 1076 1908 Agcsrpoli
1097 1841 1174 1906 pro·

138 1919 222 1987 didit
244 1923 429 2010 Xenophon
451 1926 613 1991 Hellenic.
638 1928 696 1992 IV.
713 1945 746 2010 7.
765 1946 804 1993 2:
831 1924 919 1990 tasas
938 1929 974 1999 εἰς
994 1927 1042 2001 τὴν
1059 1924 1174 2004 Ὀλυμ·

135 2021 203 2086 τίαν
223 2026 484 2112 χρηςηςναζόμονος,
507 2026 633 2114 ἐπηρώτα
652 2029 699 2119 sla
720 2027 795 2106 δεδν,
817 2030 839 2090 εἰ
861 2026 940 2100 sclua
962 2022 994 2088 ab
1017 2024 1078 2110 ἔχον
1101 2026 1177 2109 αὐτῷ

137 2128 176 2207 μὴ
199 2127 339 2214 δεχομένῳ
363 2133 414 2203 τοὶς
434 2132 550 2204 σπονδὰς
571 2138 626 2192 τῶν
645 2129 850 2217 Ἀργείων-δ
872 2130 899 2192 δὲ
920 2129 981 2201 θεὸς
1001 2126 1178 2208 ἐπεσήμαινον
1225 2132 1229 2141 ’
1273 2136 1276 2141 “

138 2230 215 2312 αὐτῷ
229 2226 300 2291 ὅσιον
319 2229 552 2309 elva-’Euaissa
573 2234 594 2294 δ
608 2232 686 2306 εὐθὺς
703 2231 850 2320 πορευθεὶς
864 2234 900 2306 εἰς
915 2229 1051 2313 Δελφοὺς,
1066 2228 1176 2316 laniem

138 2327 175 2391 αὖ
192 2331 238 2392 τδν
259 2331 404 2411 Ἀπόλλω,
427 2337 449 2395 εἰ
473 2331 587 2419 κᾴκείνῳ
608 2333 697 2412 δοκοίη
714 2335 783 2420 ωορδ
797 2342 850 2397 τῶν
863 2335 981 2396 σπονδῶν
995 2330 1123 2416 καθάπερ
1137 2334 1178 2416 τῷ

138 2430 234 2517 πατρί·
259 2419 273 2494 6
290 2434 311 2496 δ’
325 2434 494 2519 ἀποκρίναῖο,
510 2432 555 2514 nal
570 2435 654 2516 μάλα
668 2440 744 2498 κατὰ
756 2433 860 2498 ταύτά.

184 2555 257 2622 191.
272 2536 310 2600 Β.
333 2535 384 2621 nst]
410 2537 583 2624 Apophth.
599 2540 676 2601 Lac.
695 2559 727 2621 p.
745 2557 818 2621 209.
832 2539 870 2599 Ε.
899 2533 977 2599 Vita
989 2531 1129 2619 Agesilai
1144 2553 1177 2619 p.

138 2638 214 2724 603.
228 2639 267 2701 B.
287 2637 403 2724 quibus
426 2639 458 2701 in
481 2636 561 2702 locis
583 2637 776 2725 probabilior
798 2638 842 2700 est
864 2635 1003 2700 nominis
1025 2634 1181 2720 scriptura

139 2742 212 2826 πρὸς
233 2739 333 2828 Ἱδριέα
354 2743 400 2805 τὸν
422 2745 520 2828 Κᾶρα,
548 2754 587 2805 ut
606 2739 694 2827 apud
721 2741 893 2804 Isocratem
919 2739 1012 2804 Orat.
1039 2736 1178 2823 Philipp.

139 2862 173 2927 p.
192 2843 263 2925 176.
285 2854 319 2907 et
338 2842 521 2927 Stephanus
536 2864 574 2906 ac
587 2839 816 2928 Wesseliugius
839 2841 1016 2927 probarunt
1032 2838 1075 2903 ad
1094 2838 1179 2904 Dio·

139 2943 210 3008 dor.
226 2944 291 3009 Sic.
308 2947 401 3010 XVI.
415 2963 457 3026 40
471 2969 478 3008 :
495 2943 563 3023 ubi,
577 2958 614 3009 ut
627 2944 779 3028 deinceps
795 2942 964 3030 aliquoties
978 2942 1033 3006 hic
1048 2939 1180 3028 dynastes

143 3047 245 3110 Cariae
259 3061 468 3111 memoratur.
496 3049 555 3110 Pro
569 3052 631 3129 ἡμῖν
646 3051 723 3113 lun.
741 3049 832 3112 Harl.
847 3046 916 3129 ἐμοί·
940 3046 1036 3123 sorte,
1052 3045 1122 3126 ipsa.

186 3169 258 3234 191.
275 3151 314 3215 B.
338 3150 391 3236 82]
418 3150 591 3236 Apophth.
608 3152 684 3214 Lac.
700 3171 733 3236 p.
750 3169 823 3217 010.
840 3153 875 3214 F.
902 3148 980 3213 Vita
993 3146 1132 3234 Agesilai
1146 3169 1179 3233 p.

141 3254 217 3335 607.
234 3255 273 3315 Ε.
311 3253 455 3338 Lycurgi
470 3276 501 3338 p.
512 3267 567 3336 52.
584 3254 623 3316 Ε.

187 3373 257 3438 191.
275 3353 314 3416 C.
339 3352 381 3438 ο’.]
409 3353 581 3439 Apophth.
598 3356 674 3417 Lac.
696 3374 729 3439 p.
746 3373 819 3435 214.
836 3353 873 3416 B.
899 3352 977 3418 Vita
991 3352 1130 3439 Agefilai
1145 3374 1179 3439 p.

141 3457 216 3522 610.
233 3458 268 3519 F.
285 3455 375 3540 sequ.
410 3456 579 3542 Polyaenus
595 3458 640 3520 II.
659 3475 755 3541 1.13.

187 3576 260 3642 191.
277 3556 317 3620 C.
342 3555 410 3639 να’.]
433 3556 605 3643 Apophth.
630 3560 707 3621 Lac.
731 3579 763 3643 p.
781 3577 855 3638 014.
873 3560 908 3621 F.
943 3558 1021 3621 Vita
1042 3556 1182 3644 Agesilai

141 3680 174 3742 p.
189 3662 264 3722 618.
280 3663 323 3723 A.
361 3658 530 3746 Polyaenus
546 3659 590 3722 ll.
609 3678 638 3722 1.
657 3661 708 3726 26.
744 3659 909 3722 Diodorus
924 3659 977 3724 Sic
993 3662 1068 3723 XV.
1084 3679 1137 3744 93.

187 3762 314 3844 191.Ι).
339 3760 402 3846 162]
429 3760 601 3847 Apophth.
622 3763 699 3825 Lac.
724 3783 756 3845 p.
774 3780 847 3843 215.
865 3763 907 3824 A.
944 3761 1022 3825 Vita
1043 3759 1182 3847 Agefilai
1303 3748 1309 3763 ’

143 3880 175 3943 p.
188 3862 263 3944 596.
279 3865 322 3926 F:
347 3863 605 3948 Xenophonteus
618 3863 737 3950 Agesrl.
754 3863 813 3925 XI.
831 3880 871 3945 7:
897 3863 1013 3927 Cicero
1028 3863 1126 3947 Epist.
1141 3862 1184 3926 ad

138 3960 264 4029 Divers.
279 3964 322 4030 V·
341 3983 399 4031 12:
420 3965 489 4040 ‚Nec
510 3965 606 4029 minus
628 3966 703 4028 enim
724 3964 763 4049 est
779 3965 943 4051 Spartiates
958 3965 1117 4051 Agesilaus
1131 3964 1196 4054 ille,
1280 4015 1281 4019 ,

136 4062 349 4149 perhibendus,
372 4066 424 4152 qui
445 4091 537 4154 neque
558 4066 670 4154 picium
689 4090 781 4152 neque
791 4066 904 4152 ficiam
920 4067 1080 4151 imaginem
1090 4069 1184 4153 stram

139 4167 240 4251 pastus
261 4165 301 4250 cll
322 4169 376 4253 effe
384 4192 395 4245 3
433 4173 536 4255 (quam
560 4168 613 4255 qui
634 4169 666 4230 in
690 4191 720 4231 eo
739 4193 848 4253 genere
873 4167 1051 4232 laborarunt
1062 4174 1086 4248 .·)
1111 4192 1184 4257 quae

141 4267 301 4355 postrema
321 4269 416 4338 verba
438 4271 530 4336 uncis
552 4269 748 4350 inclusimus,
769 4283 807 4335 ut
820 4270 930 4359 spuria
945 4285 980 4337 et
993 4271 1183 4360 abjicienda,

624 4387 718 4452 4aa
