2692 4770
257 319 337 381 1120
446 312 486 373 n.
501 312 554 372 w.
572 306 783 401 annnam.
803 314 851 375 nr
872 298 1110 377 ramanent
1169 356 1172 361 ,

255 477 301 542 ll.
331 475 429 564 Epist.
450 476 526 543 Div.
551 478 609 543 lV.
624 480 658 544 6.
685 477 781 545 Tusc.
804 480 867 545 111.
885 480 937 547 28.
975 475 1127 545 Valerius
1146 474 1300 545 va.

255 597 308 643 10.
325 596 357 644 a.
394 580 517 645 Seneca
539 580 704 646 consolat.
726 580 782 647 Ad
803 581 973 647 Marciam.
990 581 1090 647 XIII.
1130 580 1300 649 Caetemm

253 681 442 768 composta
466 682 657 749 aruasia
682 684 726 748 ea
754 662 793 749 a?
812 682 902 749 nun
926 682 1015 749 riso
1037 682 1086 747 aa
1108 681 1302 771 sarpanas

251 784 338 869 quasi
360 783 437 849 esset
457 788 583 862 -αὐτδς
603 785 701 864 issima
715 785 901 864 ἀναδέδεντον,
916 783 1034 873 quando
1049 784 1113 871 ipse
1129 798 1190 872 pm
1204 784 1301 849 aava·

252 883 307 949 bus
316 885 485 975 suscepifflt
499 890 698 976 prosperorum
708 887 890 975 succeffuum
909 900 1040 971 paenam,
1054 908 1152 973 quam
1161 885 1302 973 finum

249 982 283 1049 in
297 986 386 1074 ipſsus
400 989 516 1053 domum
530 989 685 1079 defixiffct.
716 990 830 1055 Unum
844 1009 962 1053 nomen
977 985 1085 1071 νέμεσιν
1100 986 1248 1053 refertur
1260 986 1301 1055 ad

249 1088 319 1154 duo
333 1090 428 1155 verba
449 1092 661 1179 ἀπερεισαμένης
682 1104 716 1157 et
736 1090 931 1171 ἇναδέδεκτονε
959 1110 1055 1175 quem
1067 1088 1167 1155 usum
1182 1088 1299 1180 attigi·

249 1211 323 1257 mus
337 1214 372 1277 p.
390 1211 462 1278 109.
479 1195 514 1257 P.
540 1212 612 1279 123.
627 1192 672 1258 A.
696 1194 769 1274 164.
784 1193 824 1257 Β.

293 1294 366 1379 198.
381 1296 425 1360 D.
453 1296 656 1364 ΚΑΤΩΝΟΣ
679 1301 763 1360 ΤΟΥ
785 1297 1111 1382 ΠΡΕΣΒΎΤΕΡΟΥ.]
1140 1296 1299 1384 Pleraque

248 1394 379 1482 quidem
401 1394 498 1484 hujus
520 1396 633 1484 capitis
654 1396 739 1463 dieta
760 1397 881 1463 exstant
894 1397 974 1463 item
988 1397 1023 1461 in
1036 1397 1119 1461 Vita
1134 1397 1296 1465 Catonius

247 1498 322 1563 sunt
343 1510 451 1564 tamen
473 1499 621 1584 quaedam
640 1500 672 1564 in
693 1512 844 1587 utroque,
861 1522 934 1587 quae
951 1501 985 1564 in
1007 1499 1111 1565 altero
1134 1522 1206 1565 non
1226 1500 1295 1567 lint.

248 1600 325 1666 Fuit
344 1601 432 1665 enirn
453 1601 537 1666 Cato
556 1624 641 1667 unus
661 1602 808 1669 omnium
829 1603 1050 1668 Romanorum
1065 1624 1147 1667 cum
1165 1603 1203 1669 in
1220 1602 1297 1669 scri·

248 1704 325 1790 ptis,
339 1718 410 1769 tum
427 1703 459 1768 in
474 1703 620 1770 oratione
637 1718 673 1770 et
693 1706 851 1785 sermone,
870 1703 1010 1770 maxime
1028 1704 1296 1789 ἇεοφθεγματνκὸς.

247 1807 292 1871 Et
306 1806 439 1885 constat,
454 1828 531 1871 eum
546 1806 838 1894 Apophthegmata
851 1805 1023 1893 collegisse,
1037 1819 1073 1870 ct
1092 1805 1236 1893 quidem
1248 1808 1294 1873 se-

248 1930 337 1988 nem,
359 1921 396 1972 nt
420 1922 527 1973 narrat
549 1909 666 1975 Cicero
688 1909 753 1975 off.
775 1909 803 1974 1.
821 1928 883 1994 29:
911 1905 1110 1995 —multaqua
1132 1909 1295 1975 multaru-

235 2007 342 2095 fucets
363 2007 467 2073 diua:
489 2020 524 2072 ut
545 2033 592 2089 ca,
615 2032 684 2097 quae
705 2034 725 2073 a
735 2011 811 2097 serre
829 2011 942 2075 Catone
962 2007 1084 2073 colledla
1094 2010 1204 2097 sunt.-
1228 2036 1296 2101 qua

245 2121 393 2175 vocantur
405 2113 629 2197 ἀποφθέγματα.
653 2113 739 2179 Quae
753 2135 829 2178 eum
841 2134 881 2178 ex
891 2114 1083 2179 Graecorum
1097 2112 1196 2181 libris
1208 2116 1294 2183 sum·

246 2211 323 2292 fisse,
338 2225 372 2277 et
386 2212 456 2277 aliis
470 2214 595 2280 indiciis
610 2214 778 2302 arguitu13
801 2228 835 2279 et
849 2228 945 2279 aetate
960 2213 1108 2295 Catonis,
1124 2215 1185 2303 qui
1200 2219 1293 2291 Gra,-

246 2335 301 2379 cas
318 2313 426 2380 literas
445 2315 539 2380 senex
555 2314 691 2381 didicit:
714 2328 749 2380 et
770 2316 951 2383 testimonio
974 2315 1141 2381 Plutarchi
1162 2339 1200 2405 p.
1216 2340 1292 2408 337.

247 2416 297 2482 Ct
328 2421 366 2480 rol
384 2415 475 2500 μέννον
495 2418 707 2506 σνγῖςᾶμματα
729 2415 776 2494 καὶ
796 2418 934 2503 δόγμασιν
952 2421 1128 2497 Ἑλληνικοῖς
1141 2418 1192 2500 καὶ
1208 2422 1293 2509 irapi-

247 2545 291 2592 αις
318 2522 438 2594 ἐπιεικῶς
465 2520 695 2601 δναπεποίκιλταν·
727 2518 774 2585 xo)
797 2520 1050 2608 μεθερμηνευόμενα
1078 2527 1188 2585 πολλὰ
1218 2530 1295 2589 κατὰ

247 2622 322 2700 λέξιν
340 2627 367 2688 ἐν
385 2628 442 2698 τοῖς
460 2624 663 2708 ἀποφθέγμασι
681 2622 727 2703 nal
739 2624 945 2709 γνωμολογίαις
959 2623 1103 2701 τέτακτον·
1130 2647 1201 2712 quo
1220 2627 1293 2693 loco

247 2723 283 2787 hi
306 2723 441 2788 Catonis
462 2723 534 2789 libri
553 2725 760 2789 nominantur
780 2724 992 2810 ἀποφθέγματα
1014 2723 1060 2800 καὶ
1081 2727 1292 2813 γνωμολογίαν.

247 2825 297 2888 Ex
317 2824 367 2888 his
386 2825 486 2912 igitur
506 2826 640 2893 Catonis
662 2827 750 2891 libris
774 2826 962 2891 Plutarchus
977 2829 1033 2891 luo
1047 2825 1176 2914 judicio
1201 2820 1293 2917 quae-

245 2926 321 2991 darn
336 2927 494 2992 transtulit
515 2927 547 2992 in
563 2942 739 3014 utrumque
756 2929 848 2992 suum
865 2928 995 3006 librum,
1011 2943 1045 2993 et
1059 2929 1173 2994 Vitam
1187 2932 1294 2998 Cato·

246 3028 296 3093 nis
314 3041 348 3093 ct
367 3029 679 3116 Apophthegmata3
702 3031 723 3094 sr
740 3031 870 3116 quidem
886 3031 997 3096 omnia
1008 3031 1139 3112 referre,
1156 3052 1294 3122 propter

245 3130 489 3197 multitudinem
509 3131 681 3212 dictorum,
706 3155 770 3198 non
790 3134 903 3220 posset,
919 3134 1024 3199 multa
1041 3137 1296 3220 praetermittere

244 3233 393 3300 debebat.

290 3339 363 3426 198.
378 3339 424 3403 D.
447 3338 502 3422 a‘.]
526 3338 604 3403 Vita
626 3338 760 3403 Catonis
783 3361 816 3425 p.
830 3358 907 3423 340.
923 3338 966 3402 A.
1006 3338 1163 3425 Praecept.
1186 3343 1294 3410 Sanit.

243 3461 277 3528 p.
296 3442 428 3527 131.D.
464 3442 518 3506 De
541 3440 695 3505 Carnium
718 3441 781 3505 Esu
805 3442 850 3504 ll.
873 3461 906 3525 p.
920 3443 995 3526 996.
1012 3442 1056 3505 D.
1089 3442 1155 3506 Sed
1170 3466 1214 3509 ex
1229 3447 1294 3513 hoc

243 3543 572 3631 Apophthegmatum
595 3542 668 3607 loco
697 3541 857 3629 descripsit
882 3543 1031 3606 Stobaeus
1056 3542 1141 3608 Flor.
1168 3547 1234 3611 VI.
1259 3571 1294 3637 p.

244 3648 305 3711 82:
336 3647 440 3709 Κάτων
462 3651 474 3708 i
495 3643 683 3733 ωρεσὲύτεμος
703 3651 751 3722 τῆς
770 3645 958 3719 πολυτελείας
980 3646 1182 3727 καδαπδόμενος
1207 3651 1294 3732 εἶπεν,

240 3751 277 3823 ὥς
289 3747 418 3834 χαλεπόν
433 3752 473 3820 ἒςι
488 3748 580 3833 λέγενν
600 3750 673 3834 πρὸς
694 3746 806 3835 γαςέςα
825 3745 885 3811 ὦτα
902 3753 940 3831 μὴ
957 3748 1088 3833 ἔχουσαν·
1111 3750 1194 3816 item
1211 3757 1293 3821 Ma·

240 3850 348 3915 nimus
375 3849 407 3913 in
431 3852 578 3913 Sentent.
603 3849 682 3913 edit.
701 3848 855 3914 Wechel.
881 3871 916 3934 p.
938 3869 1015 3934 300.
1055 3850 1091 3915 ln
1117 3853 1293 3923 Proverbia

240 3953 383 4018 Metrica
397 3952 525 4017 Schotti
539 3951 678 4016 relatum
696 3968 790 4036 1105.
804 3947 865 4016 ὦτα
879 3956 971 4039 γαςὴρ
988 3954 1025 4017 ἐκ
1038 3952 1108 4040 ἔχει.
1135 3957 1293 4027 Erasmus

239 4055 388 4121 trastavit
401 4052 510 4140 Adag.
527 4077 559 4139 p.
578 4070 673 4136 1174.

245 4210 251 4218 .
286 4158 358 4243 198.
374 4158 419 4222 D.
441 4155 497 4242 β’.]
533 4157 570 4220 ln
593 4156 671 4219 Vita
694 4155 828 4220 Catonis
851 4178 883 4242 p.
898 4178 975 4241 340.
991 4159 1036 4224 A.
1075 4161 1229 4248 Syrnpos.
1247 4169 1292 4232 V.

239 4280 274 4346 p.
289 4260 364 4324 668.
379 4261 418 4325 B.
457 4261 496 4324 ln
519 4257 635 4325 codem
658 4271 852 4345 argumento
874 4259 995 4327 Plinius
1016 4261 1100 4329 Hist.
1121 4265 1208 4335 Nat.
1227 4271 1294 4339 IX.
