2692 4770
332 307 1002 385 rancnmneoususnun.p.1aan.
1122 315 1181 378 ενι

144 470 206 559 jus
216 471 363 537 vocabuli
378 473 523 539 notiones
537 472 704 561 explicare,
718 493 804 537 nunc
816 494 881 536 non
895 469 1022 536 attinet.
1043 467 1096 534 Est
1110 492 1185 536 vero

152 570 322 637 discrimen
339 573 422 639 inter
434 575 546 662 πάτριον
560 588 594 640 et
607 576 750 663 παπςιιιόν,
766 572 846 638 illud
858 573 901 637 est
910 571 1057 659 patrium,
1072 569 1114 636 ad
1126 591 1184 658 pa·

152 673 249 739 triam
272 688 306 740 et
323 674 483 742 civitatem
505 676 686 763 pertinens:
715 677 778 740 hoc
795 687 966 762 paternam,
988 672 1029 738 ad
1048 683 1184 761 patrem,

153 796 243 855 avos,
257 797 401 861 proavos,
417 777 553 865 majores
566 776 706 864 ejusdem
720 777 828 864 gentis
845 775 999 862 spatians,
1015 772 1106 862 cujus
1119 774 1186 838 for-

152 897 210 943 ma
227 877 375 964 quadam
390 885 527 966 πατρῷον,
542 878 656 943 leviore
671 878 767 944 etiam
786 875 952 942 intervallo
967 874 1081 940 distans
1095 896 1114 939 a
1127 901 1187 938 πα-

151 982 250 1063 τρικῷ.
287 978 392 1065 Igitur
405 981 424 1045 fi
439 983 485 1044 τὸν
498 980 609 1066 πάτριον
622 980 726 1062 iaspis
741 978 951 1065 intelligimus
961 975 1117 1064 gentilitia
1126 977 1186 1063 sa·

153 1099 219 1156 cra,
242 1077 362 1166 linguae
383 1081 457 1145 ulus
480 1081 632 1146 defideret
653 1080 796 1168 τατςονιόν.
832 1081 881 1144 At
901 1099 1006 1164 neque
1020 1066 1187 1143 discrimen

152 1176 219 1243 hoc
240 1179 288 1244 ita
307 1183 484 1248 constanter
506 1182 700 1247 observari-a
720 1181 947 1268 scriptoribus,
961 1179 1079 1249 docent
1095 1181 1188 1244 Grae·

154 1278 225 1343 rius
239 1292 273 1344 et
285 1281 408 1346 Jensrus
422 1281 463 1346 ad
478 1282 613 1346 Luciani
627 1282 821 1348 Soloecistam
838 1283 877 1350 T.
894 1282 956 1345 lll.
977 1302 1011 1367 p.
1023 1281 1104 1365 5612
1119 1301 1188 1345 ‘ne-

152 1402 223 1467 que
233 1382 422 1468 praesentem
435 1384 544 1450 locum
560 1385 642 1450 tueri
657 1407 720 1450 non
734 1385 908 1471 potimus,
924 1384 944 1448 fi
959 1404 1034 1447 eum
1049 1380 1089 1447 de
1103 1382 1187 1468 pub-

154 1478 225 1545 licis
242 1482 377 1549 civitatis
392 1485 486 1550 sacris
500 1486 706 1572 accipiamus.
742 1488 785 1551 Et
803 1484 907 1572 πάτρια
925 1482 1055 1570 quidem
1074 1482 1135 1547 effe
1151 1486 1190 1547 rai

153 1587 203 1660 τῆς
215 1582 319 1659 πόλεως
334 1586 393 1666 tu,
410 1586 497 1674 quod
512 1587 609 1652 tradit
631 1586 826 1652 Ammonius
847 1588 900 1651 De
918 1583 1107 1651 Differentia
1119 1585 1190 1650 Vo-

156 1684 230 1750 cab.
252 1707 286 1773 p.
304 1707 378 1767 111,
400 1689 542 1754 universe
565 1711 675 1753 verum
696 1689 750 1769 est,
769 1710 869 1775 eaque
891 1687 957 1751 fere
975 1708 1040 1751 una
1059 1685 1191 1751 notione

156 1786 221 1852 hoc
246 1811 362 1854 nomen
387 1790 546 1876 usurpavit
567 1789 767 1871 Plutarchus,
788 1788 868 1854 adeo
887 1788 1017 1875 quidem
1038 1788 1133 1874 saepe,
1154 1799 1192 1852 ut

157 1888 296 1978 longum
314 1892 351 1957 fit
369 1914 481 1958 omnes
500 1892 569 1979 ejus
589 1892 705 1958 referre
725 1891 825 1957 locos.
863 1893 1017 1956 Attamen
1031 1911 1081 1954 res
1094 1889 1193 1955 habet

156 1990 300 2079 aliquam
314 1993 548 2080 exceptionem.
577 1994 665 2057 Nam
677 1991 847 2080 Dionyfius
861 1990 938 2056 Hal.
952 1990 974 2055 l.
987 1990 1011 2056 l.
1033 1991 1077 2055 A.
1092 1990 1130 2056 R.
1146 1991 1191 2056 11.

157 2111 214 2177 30.
232 2092 357 2179 παπρὶιις
371 2095 511 2176 ἐθισμοὺς,
528 2116 618 2157 mores
631 2091 803 2179 nuptiarum
820 2090 984 2178 gentilitias
999 2089 1193 2157 nominavitt

158 2206 193 2258 et
208 2193 397 2263 Plutarchus
412 2195 444 2259 in
460 2194 573 2262 AEmil.
589 2193 686 2261 Paulo
708 2215 742 2281 p.
760 2207 833 2279 275.
849 2193 890 2262 C.
911 2191 981 2272 αὕτη
996 2198 1054 2282 γὰρ
1067 2191 1193 2269 Ἀππίοις

158 2295 323 2374 {reomela
338 2297 470 2385 adeptos·
494 2297 542 2361 bic
562 2297 639 2361 enim
659 2307 725 2361 erat
744 2319 802 2360 mos
817 2292 1036 2384 Appiorumain
1053 2309 1116 2383 rep.
1134 2320 1193 2383 gc·

159 2400 267 2477 reuda,
282 2412 320 2463 ut
333 2397 538 2487 optimatium
560 2411 684 2485 partem
706 2410 892 2463 tuerentur:
916 2397 979 2463 hoc
998 2412 1067 2463 erat
1081 2396 1195 2485 gentile
1278 2438 1284 2445 -

161 2497 346 2585 institutum:
370 2522 450 2587 ergo
469 2499 642 2565 dicendum
658 2499 763 2565 fuerat
775 2503 902 2586 πιαπριιιὴ
915 2496 1061 2579 πολιτεία,
1082 2498 1194 2562 secun·

162 2599 242 2665 dum
258 2600 389 2688 quidem
408 2601 495 2667 illam
514 2602 806 2668 Grammaticorum
829 2623 997 2667 normam:
1027 2599 1123 2665 renio
1145 2615 1196 2664 ta·

162 2724 238 2768 men
262 2703 336 2768 sana
357 2726 417 2768 nec
438 2701 635 2768 sollicitanda
655 2704 716 2783 τῆς
744 2725 940 2791 quamquam
961 2701 1132 2788 aliquando
1154 2700 1195 2766 li-

161 2805 259 2871 brarii
272 2818 435 2872 errarunt:
458 2804 557 2870 veluti
570 2805 603 2870 in
624 2805 743 2871 Pericle
764 2827 799 2892 p.
817 2805 889 2869 168.
905 2806 951 2870 E:
974 2805 1036 2880 τοὺς
1050 2805 1077 2868 δὲ
1091 2830 1196 2891 qam·

162 2908 241 2992 γοὺς,
257 2907 321 2972 ὅταν
336 2908 452 2991 &prino-t
471 2910 518 2973 τὸν
537 2910 677 2994 πατρικὸν
699 2907 788 2997 ὅρκον,
807 2909 943 2992 ἐπομνύειν
957 2907 997 2973 ὅτι
1013 2909 1050 2984 δὶς
1068 2912 1122 2973 ἀνὰ
1134 2914 1198 2973 σοῖν

164 3008 222 3084 ἔτος
239 3015 275 3085 εἰς
293 3015 341 3089 τὴν
361 3014 526 3097 Μεγαρικὴν
547 3008 710 3094 ἒμὸαλοῦτο·
736 3012 791 3077 ubi
813 3010 914 3077 codex
933 3011 1126 3077 Moscuentis
1146 3032 1198 3075 re·

164 3111 248 3176 &ius
263 3113 319 3177 dat
331 3112 455 3197 πάτριον.
486 3111 576 3179 Plato
590 3115 671 3200 Leg.
686 3114 749 3179 lll.
764 3136 797 3201 p.
809 3114 885 3198 586.
898 3115 947 3180 D:
970 3115 1014 3178 tu
1028 3119 1086 3200 γὰρ
1098 3113 1198 3202 γςίιμ·

163 3214 246 3298 ματα
268 3213 311 3286 at
329 3240 372 3277 πα
395 3217 450 3289 τοῖς
471 3216 498 3278 ἐν
519 3213 607 3299 τούτῳ
622 3218 662 3299 τῷ
675 3212 749 3301 pipo
762 3220 810 3291 τῆς
823 3214 941 3301 περιίδοι
956 3215 1112 3301 γεγονόσιν,
1132 3219 1199 3279 ἀλλ’

166 3312 241 3376 ἔθεσι
258 3315 305 3376 καὶ
319 3317 374 3389 τοῖς
389 3311 546 3398 λεγομένοις
559 3319 710 3401 πατρικοῖς
724 3313 811 3396 νόμοις
826 3317 918 3396 ζῶσιν.
950 3314 1100 3380 Cratinus
1113 3313 1202 3401 apud
1283 3354 1291 3363 ·

167 3415 293 3479 Athen.
316 3417 391 3482 XV.
413 3437 447 3502 p.
464 3418 539 3501 667.
554 3418 598 3481 F:
622 3420 648 3479 tv
664 3421 838 3503 πατρικοῖτιν
856 3417 955 3501 νόμοις,
978 3439 1043 3481 non
1057 3429 1202 3503 apparet,

168 3529 279 3582 utrum
299 3516 340 3582 de
359 3517 506 3605 paternis,
527 3539 568 3581 an
586 3515 626 3580 de
646 3517 766 3605 patriis,
790 3516 888 3582 dicat.
931 3516 995 3582 Sed
1015 3517 1105 3582 Plato
1126 3516 1203 3583 alibi

167 3620 294 3686 eosdem
319 3622 457 3710 πατρίους
479 3620 562 3704 νόμος
584 3634 699 3686 vocat:
728 3624 809 3710 Leg.
828 3624 908 3687 VII.
931 3644 963 3708 p.
983 3623 1058 3709 629.
1079 3621 1135 3687 D:
1164 3625 1203 3686 τοὶ

167 3724 328 3806 καλούμενα
342 3725 391 3786 ὑπὸ
405 3731 458 3787 τῶν
472 3731 582 3787 πολλῶν
600 3721 719 3809 ἄγραφα
736 3723 849 3806 νόμιμα’
873 3725 895 3810 ’it
910 3721 953 3798 οὓς
964 3721 1091 3810 margin
1111 3721 1205 3807 νόμους

169 3826 517 3908 ἓτονομᾶζιισιν·-ὃετμοὶ
542 3830 600 3911 γὰρ
622 3824 693 3888 οὗτοι
716 3826 807 3905 πάσης
829 3827 881 3890 rial
904 3824 1052 3902 πολιτείας·
1077 3848 1142 3913 quo
1164 3845 1205 3890 ne

168 3925 241 4012 quis
261 3924 412 3991 indu6lus
431 3925 577 3991 mutandi
599 3924 749 4013 cupidus,
771 3925 845 3992 loco
862 3927 1009 4013 praesenti
1028 3927 1141 4013 πάτριον
1159 3926 1204 3992 δο-

168 4032 240 4112 oph
254 4030 415 4118 corrigere
428 4043 544 4111 tentet,
560 4052 609 4096 res
624 4029 690 4117 ipsa
703 4030 776 4095 satis
790 4016 913 4097 monet.
937 4031 1016 4095 Xll.
1032 4054 1065 4117 p.
1077 4033 1152 4116 693.
1163 4029 1204 4096 B.

168 4130 248 4213 νόμος
270 4136 283 4194 ὁ
304 4131 416 4216 πάτριος
438 4132 481 4196 est
502 4130 618 4195 tradita
639 4130 816 4216 antiquitus
836 4129 948 4216 opinio
964 4131 1005 4196 de
1024 4130 1205 4197 animorum

170 4229 435 4301 immortalitate:
460 4230 600 4297 {imiliter
612 4229 804 4319 Epinomide
824 4251 860 4318 p.
875 4231 1011 4316 702.E:
1034 4243 1073 4296 ut
1085 4229 1205 4318 πάτριος
