2692 4770
221 290 305 346 '1212
418 285 458 348 D.
466 288 518 349 W.
539 288 750 351 ANIMADV.
770 288 820 350 IN
839 287 1072 350 PLUTARCHI

219 448 392 538 phisopbon.
429 450 659 541 Aristophanes
681 454 715 520 111
738 453 835 521 Ranis
856 454 998 522 amicum
1016 450 1183 542 Euripidis
1202 464 1268 521 tra·

221 546 327 634 ducit,
350 569 653 643 957.11a5.1455.
675 556 730 622 alii
753 557 869 624 eodem
892 557 1024 624 nomine
1045 573 1269 625 memorantur

222 653 256 720 in
278 656 478 724 orationibus
503 658 729 727 Demosthenis
754 675 788 726 et
810 658 983 727 AEschinis.
1020 660 1163 737 Codices
1184 683 1267 727 con·

219 754 384 855 sentiunt:
408 760 474 826 duo
489 761 680 849 interpretes
702 762 823 850 Regius
839 777 873 830 et
887 763 1039 829 Erasmus
1054 758 1176 830 habent
1193 763 1264 828 Cte-

206 858 331 947 stphon.
367 862 467 950 Apud
492 865 656 931 Romanos
678 864 768 931 laudi
796 865 935 931 dabatur
963 863 1164 953 magistratui
1187 865 1266 930 diens

216 961 340 1030 dicendo
359 967 519 1054 absumere,
538 969 705 1050 extrahere,
728 968 835 1055 posset
858 981 893 1034 et
913 967 1071 1034 fustitavit
1095 964 1180 1034 Cato
1194 966 1264 1033 Mi-

211 1079 289 1130 mr·

214 1180 220 1187 '
259 1186 335 1256 239.
352 1167 393 1238 C.
421 1170 479 1260 μ’.]
516 1174 569 1239 De
594 1173 658 1239 hoc
683 1173 750 1239 ritu
778 1173 930 1263 frequens
961 1173 997 1240 iit
1022 1166 1147 1240 mentio
1173 1171 1261 1261 apud

214 1270 374 1339 Veteres:
407 1298 547 1365 quorum
575 1274 665 1342 locos
693 1275 829 1365 collegit
855 1272 995 1364 Cragius
1023 1274 1088 1343 ΙΙΙ.
1110 1294 1143 1364 9.
1165 1276 1198 1341 8.
1228 1295 1263 1363 p.

212 1391 290 1462 3²5·

110 1496 114 1509 ·
211 1500 216 1509 ·
257 1499 334 1568 239.
349 1478 395 1546 D.
416 1480 500 1566 past]
531 1483 584 1547 De
605 1481 664 1547 otii
689 1481 898 1567 abundantia
914 1480 1053 1547 vidimus
1076 1472 1204 1567 patr.
1221 1480 1262 1548 C.

212 1579 277 1645 Se'd
292 1581 347 1648 hic
360 1583 453 1648 locus
467 1583 591 1648 sumtus
611 1584 710 1648 estex
730 1583 807 1649 Vita
821 1582 966 1672 Lycurgi
987 1602 1021 1669 p.
1035 1600 1092 1668 54.
1107 1582 1153 1649 D.
1191 1582 1261 1650 Otii

210 1682 280 1750 laus
298 1683 437 1750 solennis
451 1685 663 1774 philosophis.
693 1684 896 1751 Socraticum
911 1708 951 1751 ex
962 1683 1185 1772 Xenophonte
1199 1686 1261 1752 IV.

208 1805 265 1873 43.
291 1786 380 1874 quod
404 1787 675 1877 citat-Diogenes
700 1782 816 1854 Laert.
838 1790 885 1853 ll.
904 1808 970 1874 31:
1000 1809 1040 1852 ex
1067 1785 1203 1854 l‘latone
1226 1787 1260 1854 111

207 1888 378 1956 Theaeteto
400 1910 435 1978 p.
454 1907 526 1978 119.
542 1891 578 1956 P.
605 1905 678 1975 127.
698 1890 751 1956 A:
779 1888 858 1955 hinc
880 1893 957 1978 χολὴ
980 1889 1070 1955 otiam
1091 1886 1261 1972 literam,

196 1988 336 2078 studium
354 1991 535 2077 literarum:
557 1992 648 2057 otiam
659 1990 820 2080 sapientis,
835 2014 902 2081 quo
924 1992 1056 2057 nomine
1074 1995 1200 2058 Seneca
1217 1993 1260 2058 li·

169 2125 171 2128 ⁴
207 2095 302 2161 brom
317 2095 483 2183 inscripsit.
511 2098 555 2161 Et
570 2095 664 2161 Harl.
680 2095 737 2161 dat
760 2095 899 2180 tespicus.
937 2094 1161 2161 Commodum
1184 2097 1260 2162 sen·

205 2198 276 2264 sum
291 2199 416 2284 praebet
432 2202 482 2277 eir
499 2197 615 2278 drabo,
637 2196 776 2286 vetiigal
795 2197 963 2288 antiquitus
983 2197 1194 2287 constitutum.-
1216 2199 1259 2266 fio

204 2303 283 2370 alibi
307 2301 498 2370 Plutarchus
517 2301 622 2399 1119111
643 2303 777 2370 adhibet
802 2305 923 2394 Quali.
948 2302 1047 2371 Rom:
1070 2327 1105 2394 p.
1121 2307 1196 2392 276.
1213 2307 1256 2374 Β.

203 2405 289 2473 Adv.
313 2407 424 2474 Colot.
447 2428 480 2496 p.
500 2428 595 2478 1122.
612 2411 655 2474 A.
690 2404 896 2485 lamblichus
918 2407 989 2487 vit.
1014 2408 1153 2498 Pythag.
1177 2428 1255 2498 213.

205 2510 290 2575 Item
311 2511 448 2600 ἐπάρατον
471 2511 529 2576 dat
550 2508 643 2578 Harl.
664 2506 772 2599 estque
787 2511 851 2576 boc
873 2509 965 2576 sensu
987 2512 1181 2597 escsecratum,
1200 2527 1257 2600 per

203 2612 283 2700 leges
298 2615 408 2701 sacras
430 2614 633 2692 interdiana,
657 2614 709 2679 De
731 2613 896 2699 Superstit.
921 2635 955 2699 p.
974 2613 1047 2678 168.
1065 2613 1117 2678 C:
1142 2615 1258 2679 Numa

202 2738 237 2803 p.
254 2717 307 2781 66.
325 2716 379 2780 A:
409 2714 529 2780 Timol.
553 2737 584 2801 p.
604 2731 678 2800 251.
698 2716 749 2779 B:
782 2714 869 2800 apud
894 2714 1060 2779 Platonem
1082 2717 1166 2802 Leg.
1188 2717 1254 2780 IX.

201 2837 236 2907 p.
253 2819 327 2883 661.
351 2819 392 2882 E.
429 2817 519 2882 Dion
543 2817 660 2905 Chrys.
683 2837 714 2904 p.
733 2817 807 2900 667.
830 2815 881 2881 c=
912 2815 1085 2881 Aristidem
1107 2818 1147 2882 T.
1164 2817 1193 2881 1.
1216 2839 1253 2905 p.

200 2939 278 3008 390.
302 2921 509 3007 Quamquam
526 2918 638 2983 malim
653 2918 840 3004 ἀπειρημένον,
856 2916 904 2982 vel
920 2918 1071 3006 ἀπόρῤηἳον·
1096 2918 1160 2985 hoc
1176 2920 1252 3007 qui-

200 3023 275 3089 dem
291 3020 337 3086 ita
352 3022 533 3108 usurpatur,
550 3022 745 3109 Symposiac.
765 3018 824 3085 lV.
846 3042 880 3107 p.
897 3022 973 3103 670.
989 3022 1045 3086 D:
1069 3026 1173 3087 ἀνελεῖν
1190 3022 1250 3106 (ὗν)

198 3125 348 3214 hippuris
375 3128 431 3198 ἒςιν
459 3128 561 3200 αὐτοῖς’
589 3126 679 3210 suem
706 3121 883 3210 interficere,
912 3122 960 3186 iis·
980 3122 1171 3188 interdiana
1201 3123 1252 3209 est.

200 3229 335 3295 Platone
349 3229 431 3314 Leg.
449 3228 510 3292 Xl.
534 3246 568 3314 p.
584 3227 660 3312 683.
677 3228 716 3290 Β.
754 3225 829 3290 Alia
843 3224 941 3290 etiam
957 3227 1077 3312 promit
1091 3226 1251 3314 Stephani

197 3331 378 3399 Thesaurus
395 3334 435 3395 L.
451 3331 510 3394 Gr.
528 3329 561 3393 in
576 3327 640 3395 illis
653 3327 829 3394 vocabulis.
868 3327 940 3414 Ipsa
954 3327 1026 3392 haec
1041 3329 1156 3395 ultima
1171 3351 1249 3417 par·

198 3437 311 3517 ticula,
325 3435 700 3523 ’ὓταρᾶτον-ἓπιζητῶσιν
726 3455 792 3498 11011
806 3434 849 3497 est
863 3433 896 3497 111
912 3434 990 3499 Vita
1004 3434 1160 3522 Lycurgi.

241 3559 317 3627 299.
332 3541 371 3603 Ε.
393 3535 472 3622 pff]
498 3535 658 3623 Epilogus
671 3526 731 3600 lric
754 3534 794 3599 de
814 3557 944 3599 morum
967 3534 1196 3621 depravatione
1214 3549 1251 3602 et

197 3654 341 3709 veterum
368 3639 587 3704 institutorum
618 3636 809 3717 desertione,
840 3635 967 3703 videtur
1004 3637 1171 3725 fignificari
1205 3640 1250 3704 ab

195 3743 264 3833 ipso
290 3741 463 3808 Plutarcho
488 3740 521 3805 in
544 3741 623 3806 Vita
637 3738 792 3828 Lysandri
813 3762 847 3826 p.
863 3758 940 3825 443.
956 3742 1000 3804 A.
1015 3738 1072 3803 ubi
1093 3740 1150 3821 ait,
1174 3743 1248 3829 περὶ

194 3849 247 3932 μὶν
270 3844 314 3909 οὖν
334 3844 438 3908 τούτων
459 3844 507 3906 καὶ
530 3843 563 3905 δι’
581 3842 675 3932 ἑτέρας
697 3868 756 3906 arou
774 3848 882 3929 γραφῆς
904 3841 1043 3925 ἡψάμεθα
1061 3845 1247 3925 Λακεδαιμο-

194 3950 266 4017 vias.

239 4073 314 4142 239.
325 4053 363 4117 Ε.
387 4049 535 4138 ’Antipatro
554 4049 581 4113 di
601 4051 693 4123 αὐτοῖς
716 4050 827 4124 ναύταις
846 4048 967 4133 sivest]
998 4050 1098 4114 Hunc
1117 4070 1246 4114 morem

194 4152 339 4243 viguisse,
365 4154 536 4219 novimus:
559 4152 633 4238 lege
657 4151 814 4216 sancitum
839 4150 928 4215 suilla
950 4150 1014 4216 hoc
1036 4175 1103 4216 uno
1125 4150 1247 4218 diserto

194 4257 327 4349 quidem
341 4255 522 4324 testimonio
537 4254 770 4342 cognovimus:
795 4276 856 4321 nec
871 4251 961 4320 aliud
980 4253 1086 4323 adfert
1102 4253 1248 4351 Cragius
