<?xml version="1.0" encoding="UTF-8"?>
<!DOCTYPE html PUBLIC "-//W3C//DTD XHTML 1.0 Transitional//EN"
    "http://www.w3.org/TR/xhtml1/DTD/xhtml1-transitional.dtd">
<html xmlns="http://www.w3.org/1999/xhtml" xml:lang="en" lang="en">
 <head>
  <title>
</title>
<meta http-equiv="Content-Type" content="text/html;charset=utf-8" />
  <meta name='ocr-system' content='tesseract 3.04.00' />
  <meta name='ocr-capabilities' content='ocr_page ocr_carea ocr_par ocr_line ocrx_word'/>
</head>
<body>
  <div class='ocr_page' id='page_1' title='image "./plutarchichaero01plutgoog_0259.png"; bbox 0 0 2692 4770; ppageno 0'>
   <div class='ocr_carea' id='block_1_1' title="bbox 156 301 1000 384">
    <p class='ocr_par' dir='ltr' id='par_1_1' title="bbox 156 301 1000 384">
     <span class='ocr_line' id='line_1_1' title="bbox 156 301 1000 384; baseline -0.007 -11"><span class='ocrx_word' id='word_1_1' title='bbox 156 301 221 384; x_wconf 67' lang='grc'><strong>’796</strong></span> <span class='ocrx_word' id='word_1_2' title='bbox 351 308 680 370; x_wconf 84' lang='lat' dir='ltr'><strong>D.W.·ANIMADV.</strong></span> <span class='ocrx_word' id='word_1_3' title='bbox 699 308 749 369; x_wconf 92' lang='lat' dir='ltr'><strong>IN</strong></span> <span class='ocrx_word' id='word_1_4' title='bbox 767 306 1000 369; x_wconf 84' lang='lat' dir='ltr'><strong>PLUTARCHI</strong></span> 
     </span>
    </p>
   </div>
   <div class='ocr_carea' id='block_1_2' title="bbox 75 464 1191 1072">
    <p class='ocr_par' dir='ltr' id='par_1_2' title="bbox 75 464 1191 663">
     <span class='ocr_line' id='line_1_2' title="bbox 154 464 1191 562; baseline -0.005 -25"><span class='ocrx_word' id='word_1_5' title='bbox 154 475 285 556; x_wconf 70' lang='grc' dir='ltr'>’μοθνμήν</span> <span class='ocrx_word' id='word_1_6' title='bbox 297 473 404 561; x_wconf 70' lang='grc' dir='ltr'>Γοργῐε</span> <span class='ocrx_word' id='word_1_7' title='bbox 418 479 456 537; x_wconf 73' lang='grc' dir='ltr'><strong>οὔ</strong></span> <span class='ocrx_word' id='word_1_8' title='bbox 468 472 607 562; x_wconf 68' lang='grc' dir='ltr'><strong>ῥήτορος..</strong></span> <span class='ocrx_word' id='word_1_9' title='bbox 623 474 673 538; x_wconf 85' lang='lat' dir='ltr'><strong>At</strong></span> <span class='ocrx_word' id='word_1_10' title='bbox 686 471 718 538; x_wconf 91' lang='lat' dir='ltr'><strong>in</strong></span> <span class='ocrx_word' id='word_1_11' title='bbox 732 472 820 539; x_wconf 91' lang='lat' dir='ltr'><strong>hunc</strong></span> <span class='ocrx_word' id='word_1_12' title='bbox 834 471 958 540; x_wconf 90' lang='lat' dir='ltr'><strong>sensum</strong></span> <span class='ocrx_word' id='word_1_13' title='bbox 980 471 1095 536; x_wconf 84' lang='lat' dir='ltr'><strong>Graeca</strong></span> <span class='ocrx_word' id='word_1_14' title='bbox 1115 464 1191 533; x_wconf 89' lang='lat' dir='ltr'><strong>red·</strong></span> 
     </span>
     <span class='ocr_line' id='line_1_3' title="bbox 75 573 924 663; baseline 0.001 -24"><span class='ocrx_word' id='word_1_15' title='bbox 75 633 78 639; x_wconf 93' lang='grc'><em>,</em></span> <span class='ocrx_word' id='word_1_16' title='bbox 158 573 241 639; x_wconf 88' lang='lat' dir='ltr'>didit</span> <span class='ocrx_word' id='word_1_17' title='bbox 253 576 431 663; x_wconf 82' lang='lat' dir='ltr'><strong>Amyotus.</strong></span> <span class='ocrx_word' id='word_1_18' title='bbox 920 604 924 613; x_wconf 94' lang='lat'><em>·</em></span> 
     </span>
    </p>

    <p class='ocr_par' dir='ltr' id='par_1_3' title="bbox 154 672 1189 971">
     <span class='ocr_line' id='line_1_4' title="bbox 203 672 1189 761; baseline -0.006 -20"><span class='ocrx_word' id='word_1_19' title='bbox 203 695 274 743; x_wconf 81' lang='lat'><strong>120.</strong></span> <span class='ocrx_word' id='word_1_20' title='bbox 290 678 330 741; x_wconf 86' lang='lat' dir='ltr'><strong>E.</strong></span> <span class='ocrx_word' id='word_1_21' title='bbox 346 675 440 741; x_wconf 73' lang='grc' dir='ltr'>Ἀκοε</span> <span class='ocrx_word' id='word_1_22' title='bbox 457 679 487 756; x_wconf 73' lang='grc' dir='ltr'><strong>δὴ</strong></span> <span class='ocrx_word' id='word_1_23' title='bbox 505 677 588 760; x_wconf 74' lang='grc' dir='ltr'>μάλα</span> <span class='ocrx_word' id='word_1_24' title='bbox 609 682 699 741; x_wconf 78' lang='grc' dir='ltr'>καλοῦ</span> <span class='ocrx_word' id='word_1_25' title='bbox 711 672 842 761; x_wconf 47' lang='grc' dir='ltr'><strong>λὸγμ]</strong></span> <span class='ocrx_word' id='word_1_26' title='bbox 870 677 907 740; x_wconf 94' lang='lat' dir='ltr'><strong>In</strong></span> <span class='ocrx_word' id='word_1_27' title='bbox 923 672 1045 760; x_wconf 79' lang='lat' dir='ltr'><strong>Gorgia</strong></span> <span class='ocrx_word' id='word_1_28' title='bbox 1065 694 1099 758; x_wconf 88' lang='lat' dir='ltr'><strong>p.</strong></span> <span class='ocrx_word' id='word_1_29' title='bbox 1113 688 1189 756; x_wconf 77' lang='lat'><strong>312.</strong></span> 
     </span>
     <span class='ocr_line' id='line_1_5' title="bbox 154 768 1189 866; baseline -0.008 -22"><span class='ocrx_word' id='word_1_30' title='bbox 154 781 196 843; x_wconf 80' lang='grc' dir='ltr'><strong>Ε.</strong></span> <span class='ocrx_word' id='word_1_31' title='bbox 219 777 363 865; x_wconf 86' lang='lat' dir='ltr'><strong>Oppofiti</strong></span> <span class='ocrx_word' id='word_1_32' title='bbox 377 778 571 866; x_wconf 78' lang='lat' dir='ltr'><strong>elegantiam</strong></span> <span class='ocrx_word' id='word_1_33' title='bbox 586 768 619 842; x_wconf 83' lang='lat' dir='ltr'><strong>in</strong></span> <span class='ocrx_word' id='word_1_34' title='bbox 633 777 711 864; x_wconf 58' lang='grc' dir='ltr'><strong>λάρῳ</strong></span> <span class='ocrx_word' id='word_1_35' title='bbox 722 790 757 842; x_wconf 92' lang='lat' dir='ltr'><strong>et</strong></span> <span class='ocrx_word' id='word_1_36' title='bbox 769 777 851 863; x_wconf 71' lang='grc' dir='ltr'>μύθῳ</span> <span class='ocrx_word' id='word_1_37' title='bbox 862 775 1030 863; x_wconf 83' lang='lat' dir='ltr'><strong>attigimus</strong></span> <span class='ocrx_word' id='word_1_38' title='bbox 1042 771 1084 838; x_wconf 84' lang='lat' dir='ltr'><strong>ad</strong></span> <span class='ocrx_word' id='word_1_39' title='bbox 1099 772 1189 837; x_wconf 87' lang='lat' dir='ltr'><strong>Plut-</strong></span> 
     </span>
     <span class='ocr_line' id='line_1_6' title="bbox 157 881 878 971; baseline -0.003 -22"><span class='ocrx_word' id='word_1_40' title='bbox 157 884 292 950; x_wconf 81' lang='lat' dir='ltr'><strong>archum</strong></span> <span class='ocrx_word' id='word_1_41' title='bbox 307 886 359 950; x_wconf 92' lang='lat' dir='ltr'><strong>De</strong></span> <span class='ocrx_word' id='word_1_42' title='bbox 373 887 451 951; x_wconf 88' lang='lat' dir='ltr'><strong>Sera</strong></span> <span class='ocrx_word' id='word_1_43' title='bbox 464 886 567 950; x_wconf 91' lang='lat' dir='ltr'><strong>Num.</strong></span> <span class='ocrx_word' id='word_1_44' title='bbox 583 881 682 951; x_wconf 80' lang='lat' dir='ltr'><strong>Vind.</strong></span> <span class='ocrx_word' id='word_1_45' title='bbox 700 906 734 971; x_wconf 92' lang='lat' dir='ltr'><strong>p.</strong></span> <span class='ocrx_word' id='word_1_46' title='bbox 748 885 825 969; x_wconf 80' lang='lat'><strong>561.</strong></span> <span class='ocrx_word' id='word_1_47' title='bbox 840 885 878 948; x_wconf 91' lang='lat' dir='ltr'><strong>B.</strong></span> 
     </span>
    </p>

    <p class='ocr_par' dir='ltr' id='par_1_4' title="bbox 155 978 1188 1072">
     <span class='ocr_line' id='line_1_7' title="bbox 155 978 1188 1072; baseline -0.006 -23"><span class='ocrx_word' id='word_1_48' title='bbox 155 1019 159 1028; x_wconf 94' lang='lat'>·</span> <span class='ocrx_word' id='word_1_49' title='bbox 202 1004 275 1052; x_wconf 88' lang='lat'><em>120.</em></span> <span class='ocrx_word' id='word_1_50' title='bbox 288 988 327 1050; x_wconf 90' lang='lat' dir='ltr'><strong>E.</strong></span> <span class='ocrx_word' id='word_1_51' title='bbox 349 985 484 1071; x_wconf 74' lang='grc' dir='ltr'>μακάρων</span> <span class='ocrx_word' id='word_1_52' title='bbox 502 986 640 1072; x_wconf 70' lang='grc' dir='ltr'>νῆσος-]</span> <span class='ocrx_word' id='word_1_53' title='bbox 665 986 718 1051; x_wconf 87' lang='lat' dir='ltr'><strong>De</strong></span> <span class='ocrx_word' id='word_1_54' title='bbox 736 984 787 1049; x_wconf 84' lang='lat' dir='ltr'><strong>hia</strong></span> <span class='ocrx_word' id='word_1_55' title='bbox 808 983 897 1049; x_wconf 87' lang='lat' dir='ltr'><strong>locos</strong></span> <span class='ocrx_word' id='word_1_56' title='bbox 916 983 1073 1048; x_wconf 88' lang='lat' dir='ltr'><strong>Veterum</strong></span> <span class='ocrx_word' id='word_1_57' title='bbox 1087 978 1188 1044; x_wconf 87' lang='lat' dir='ltr'><strong>dede·</strong></span> 
     </span>
    </p>
   </div>
   <div class='ocr_carea' id='block_1_3' title="bbox 58 1081 1189 4220">
    <p class='ocr_par' dir='ltr' id='par_1_5' title="bbox 154 1081 1189 1478">
     <span class='ocr_line' id='line_1_8' title="bbox 156 1081 1189 1170; baseline -0.009 -17"><span class='ocrx_word' id='word_1_58' title='bbox 156 1099 233 1153; x_wconf 87' lang='lat' dir='ltr'><strong>runt</strong></span> <span class='ocrx_word' id='word_1_59' title='bbox 253 1088 437 1153; x_wconf 82' lang='lat' dir='ltr'><strong>Gatakerue</strong></span> <span class='ocrx_word' id='word_1_60' title='bbox 456 1087 497 1152; x_wconf 92' lang='lat' dir='ltr'><strong>ad</strong></span> <span class='ocrx_word' id='word_1_61' title='bbox 514 1088 565 1152; x_wconf 90' lang='lat' dir='ltr'><strong>M.</strong></span> <span class='ocrx_word' id='word_1_62' title='bbox 581 1085 741 1152; x_wconf 88' lang='lat' dir='ltr'><strong>Antonin.</strong></span> <span class='ocrx_word' id='word_1_63' title='bbox 758 1087 800 1150; x_wconf 89' lang='lat' dir='ltr'><strong>X.</strong></span> <span class='ocrx_word' id='word_1_64' title='bbox 816 1086 848 1150; x_wconf 89' lang='lat'><strong>8.</strong></span> <span class='ocrx_word' id='word_1_65' title='bbox 869 1106 903 1170; x_wconf 91' lang='lat' dir='ltr'><strong>p.</strong></span> <span class='ocrx_word' id='word_1_66' title='bbox 919 1098 992 1170; x_wconf 85' lang='lat'><strong>295.</strong></span> <span class='ocrx_word' id='word_1_67' title='bbox 1031 1081 1189 1146; x_wconf 87' lang='lat' dir='ltr'><strong>Cellarius</strong></span> 
     </span>
     <span class='ocr_line' id='line_1_9' title="bbox 154 1181 1188 1277; baseline -0.008 -23"><span class='ocrx_word' id='word_1_68' title='bbox 154 1190 279 1277; x_wconf 83' lang='lat' dir='ltr'><strong>Geogr.</strong></span> <span class='ocrx_word' id='word_1_69' title='bbox 293 1190 374 1255; x_wconf 80' lang='lat' dir='ltr'><strong>Ant.</strong></span> <span class='ocrx_word' id='word_1_70' title='bbox 391 1191 450 1255; x_wconf 93' lang='lat' dir='ltr'><strong>lV.</strong></span> <span class='ocrx_word' id='word_1_71' title='bbox 466 1211 500 1276; x_wconf 90' lang='lat' dir='ltr'><strong>p.</strong></span> <span class='ocrx_word' id='word_1_72' title='bbox 518 1208 589 1270; x_wconf 83' lang='lat'><strong>141.</strong></span> <span class='ocrx_word' id='word_1_73' title='bbox 604 1204 640 1254; x_wconf 88' lang='lat' dir='ltr'><strong>et</strong></span> <span class='ocrx_word' id='word_1_74' title='bbox 653 1190 733 1273; x_wconf 84' lang='lat'><strong>165:</strong></span> <span class='ocrx_word' id='word_1_75' title='bbox 758 1187 799 1252; x_wconf 92' lang='lat' dir='ltr'><strong>Is.</strong></span> <span class='ocrx_word' id='word_1_76' title='bbox 813 1185 938 1252; x_wconf 83' lang='lat' dir='ltr'><strong>Voffius</strong></span> <span class='ocrx_word' id='word_1_77' title='bbox 952 1183 994 1249; x_wconf 89' lang='lat' dir='ltr'><strong>ad</strong></span> <span class='ocrx_word' id='word_1_78' title='bbox 1014 1186 1048 1248; x_wconf 91' lang='lat' dir='ltr'><strong>P.</strong></span> <span class='ocrx_word' id='word_1_79' title='bbox 1064 1181 1188 1247; x_wconf 87' lang='lat' dir='ltr'><strong>Melam</strong></span> 
     </span>
     <span class='ocr_line' id='line_1_10' title="bbox 154 1285 1188 1378; baseline -0.009 -22"><span class='ocrx_word' id='word_1_80' title='bbox 154 1312 191 1377; x_wconf 88' lang='lat' dir='ltr'><strong>p.</strong></span> <span class='ocrx_word' id='word_1_81' title='bbox 215 1292 288 1376; x_wconf 87' lang='lat'><strong>870.</strong></span> <span class='ocrx_word' id='word_1_82' title='bbox 326 1292 522 1378; x_wconf 81' lang='lat' dir='ltr'><strong>Interpretes</strong></span> <span class='ocrx_word' id='word_1_83' title='bbox 543 1289 583 1354; x_wconf 86' lang='lat' dir='ltr'><strong>ad</strong></span> <span class='ocrx_word' id='word_1_84' title='bbox 607 1288 744 1354; x_wconf 85' lang='lat' dir='ltr'><strong>Plinium</strong></span> <span class='ocrx_word' id='word_1_85' title='bbox 767 1290 813 1354; x_wconf 93' lang='lat' dir='ltr'><strong>H.</strong></span> <span class='ocrx_word' id='word_1_86' title='bbox 835 1288 883 1352; x_wconf 90' lang='lat' dir='ltr'><strong>N.</strong></span> <span class='ocrx_word' id='word_1_87' title='bbox 909 1287 952 1352; x_wconf 91' lang='lat' dir='ltr'><strong>ll.</strong></span> <span class='ocrx_word' id='word_1_88' title='bbox 968 1305 1021 1373; x_wconf 86' lang='grc'><strong>92.</strong></span> <span class='ocrx_word' id='word_1_89' title='bbox 1051 1285 1111 1351; x_wconf 93' lang='lat' dir='ltr'><strong>Vl.</strong></span> <span class='ocrx_word' id='word_1_90' title='bbox 1132 1285 1188 1370; x_wconf 84' lang='lat'><strong>3⁶·</strong></span> 
     </span>
     <span class='ocr_line' id='line_1_11' title="bbox 154 1391 904 1478; baseline -0.008 -18"><span class='ocrx_word' id='word_1_91' title='bbox 154 1395 186 1460; x_wconf 89' lang='lat' dir='ltr'><strong>J.</strong></span> <span class='ocrx_word' id='word_1_92' title='bbox 202 1395 254 1459; x_wconf 94' lang='lat' dir='ltr'><strong>M.</strong></span> <span class='ocrx_word' id='word_1_93' title='bbox 269 1393 429 1459; x_wconf 83' lang='lat' dir='ltr'><strong>Gesncmr</strong></span> <span class='ocrx_word' id='word_1_94' title='bbox 442 1392 484 1458; x_wconf 86' lang='lat' dir='ltr'><strong>ad</strong></span> <span class='ocrx_word' id='word_1_95' title='bbox 497 1393 612 1461; x_wconf 81' lang='lat' dir='ltr'><strong>Horat.</strong></span> <span class='ocrx_word' id='word_1_96' title='bbox 627 1391 732 1478; x_wconf 87' lang='lat' dir='ltr'><strong>Epod.</strong></span> <span class='ocrx_word' id='word_1_97' title='bbox 744 1392 836 1458; x_wconf 91' lang='lat' dir='ltr'><strong>XVI.</strong></span> <span class='ocrx_word' id='word_1_98' title='bbox 850 1410 904 1471; x_wconf 91' lang='lat'><strong>41.</strong></span> 
     </span>
    </p>

    <p class='ocr_par' dir='ltr' id='par_1_6' title="bbox 58 1490 1188 4220">
     <span class='ocr_line' id='line_1_12' title="bbox 199 1490 1188 1581; baseline -0.009 -20"><span class='ocrx_word' id='word_1_99' title='bbox 199 1516 234 1581; x_wconf 83' lang='lat' dir='ltr'><strong>p.</strong></span> <span class='ocrx_word' id='word_1_100' title='bbox 252 1513 324 1561; x_wconf 81' lang='lat'><strong>121.</strong></span> <span class='ocrx_word' id='word_1_101' title='bbox 338 1495 378 1559; x_wconf 92' lang='lat' dir='ltr'><strong>B.</strong></span> <span class='ocrx_word' id='word_1_102' title='bbox 401 1492 607 1581; x_wconf 63' lang='grc' dir='ltr'><strong>ἐπιπρόσθησις]</strong></span> <span class='ocrx_word' id='word_1_103' title='bbox 632 1490 792 1580; x_wconf 76' lang='lat' dir='ltr'><strong>Legitima</strong></span> <span class='ocrx_word' id='word_1_104' title='bbox 810 1493 915 1556; x_wconf 81' lang='lat' dir='ltr'><strong>forma</strong></span> <span class='ocrx_word' id='word_1_105' title='bbox 927 1513 946 1556; x_wconf 90' lang='lat' dir='ltr'><strong>a</strong></span> <span class='ocrx_word' id='word_1_106' title='bbox 958 1490 1054 1556; x_wconf 88' lang='lat' dir='ltr'><strong>verbo</strong></span> <span class='ocrx_word' id='word_1_107' title='bbox 1075 1495 1188 1579; x_wconf 66' lang='lat' dir='ltr'><strong>drugo-</strong></span> 
     </span>
     <span class='ocr_line' id='line_1_13' title="bbox 155 1592 1188 1682; baseline -0.003 -21"><span class='ocrx_word' id='word_1_108' title='bbox 155 1600 235 1676; x_wconf 69' lang='grc' dir='ltr'>θεῖν,</span> <span class='ocrx_word' id='word_1_109' title='bbox 254 1595 295 1661; x_wconf 92' lang='lat' dir='ltr'><strong>de</strong></span> <span class='ocrx_word' id='word_1_110' title='bbox 309 1616 375 1682; x_wconf 86' lang='lat' dir='ltr'><strong>quo</strong></span> <span class='ocrx_word' id='word_1_111' title='bbox 389 1593 527 1659; x_wconf 80' lang='lat' dir='ltr'><strong>diximus</strong></span> <span class='ocrx_word' id='word_1_112' title='bbox 547 1593 589 1659; x_wconf 88' lang='lat' dir='ltr'><strong>ad</strong></span> <span class='ocrx_word' id='word_1_113' title='bbox 610 1615 643 1681; x_wconf 90' lang='lat' dir='ltr'><strong>p.</strong></span> <span class='ocrx_word' id='word_1_114' title='bbox 657 1613 712 1676; x_wconf 87' lang='lat'><strong>41.</strong></span> <span class='ocrx_word' id='word_1_115' title='bbox 728 1592 777 1659; x_wconf 86' lang='lat' dir='ltr'><strong>C:</strong></span> <span class='ocrx_word' id='word_1_116' title='bbox 800 1606 834 1659; x_wconf 84' lang='lat' dir='ltr'><strong>at</strong></span> <span class='ocrx_word' id='word_1_117' title='bbox 848 1592 1013 1679; x_wconf 82' lang='lat' dir='ltr'><strong>vulgatum</strong></span> <span class='ocrx_word' id='word_1_118' title='bbox 1035 1593 1188 1681; x_wconf 65' lang='grc' dir='ltr'>ἐπιπρόθε·</span> 
     </span>
     <span class='ocr_line' id='line_1_14' title="bbox 155 1692 1188 1783; baseline -0.002 -22"><span class='ocrx_word' id='word_1_119' title='bbox 155 1721 212 1775; x_wconf 83' lang='grc' dir='ltr'>αις,</span> <span class='ocrx_word' id='word_1_120' title='bbox 227 1695 438 1783; x_wconf 80' lang='lat' dir='ltr'><strong>repetendum</strong></span> <span class='ocrx_word' id='word_1_121' title='bbox 453 1695 494 1760; x_wconf 87' lang='lat' dir='ltr'><strong>ab</strong></span> <span class='ocrx_word' id='word_1_122' title='bbox 508 1693 737 1783; x_wconf 66' lang='grc' dir='ltr'>ἐπιπροοπιθὲναι,</span> <span class='ocrx_word' id='word_1_123' title='bbox 760 1693 853 1760; x_wconf 91' lang='lat' dir='ltr'><strong>nihili</strong></span> <span class='ocrx_word' id='word_1_124' title='bbox 865 1695 920 1758; x_wconf 83' lang='lat' dir='ltr'><strong>est.</strong></span> <span class='ocrx_word' id='word_1_125' title='bbox 957 1692 1042 1758; x_wconf 94' lang='lat' dir='ltr'><strong>Illud</strong></span> <span class='ocrx_word' id='word_1_126' title='bbox 1060 1716 1080 1757; x_wconf 92' lang='lat' dir='ltr'><strong>a</strong></span> <span class='ocrx_word' id='word_1_127' title='bbox 1094 1694 1188 1759; x_wconf 80' lang='lat' dir='ltr'><strong>nobis</strong></span> 
     </span>
     <span class='ocr_line' id='line_1_15' title="bbox 155 1793 1187 1883; baseline -0.005 -20"><span class='ocrx_word' id='word_1_128' title='bbox 155 1812 323 1883; x_wconf 88' lang='lat' dir='ltr'><strong>receptum</strong></span> <span class='ocrx_word' id='word_1_129' title='bbox 337 1795 484 1862; x_wconf 82' lang='lat' dir='ltr'><strong>adhibuit</strong></span> <span class='ocrx_word' id='word_1_130' title='bbox 499 1796 687 1863; x_wconf 75' lang='lat' dir='ltr'><strong>Plutarchus</strong></span> <span class='ocrx_word' id='word_1_131' title='bbox 699 1797 752 1862; x_wconf 87' lang='lat' dir='ltr'><strong>De</strong></span> <span class='ocrx_word' id='word_1_132' title='bbox 763 1796 855 1861; x_wconf 84' lang='lat' dir='ltr'><strong>Facie</strong></span> <span class='ocrx_word' id='word_1_133' title='bbox 866 1798 967 1860; x_wconf 79' lang='lat' dir='ltr'><strong>Luna</strong></span> <span class='ocrx_word' id='word_1_134' title='bbox 979 1793 1111 1860; x_wconf 85' lang='lat' dir='ltr'><strong>solemni</strong></span> <span class='ocrx_word' id='word_1_135' title='bbox 1125 1816 1187 1859; x_wconf 90' lang='lat' dir='ltr'><strong>no·</strong></span> 
     </span>
     <span class='ocr_line' id='line_1_16' title="bbox 155 1895 1188 1985; baseline -0.003 -20"><span class='ocrx_word' id='word_1_136' title='bbox 155 1897 262 1965; x_wconf 80' lang='lat' dir='ltr'><strong>tiones</strong></span> <span class='ocrx_word' id='word_1_137' title='bbox 283 1895 503 1964; x_wconf 59' lang='lat' dir='ltr'><strong>obstructione</strong></span> <span class='ocrx_word' id='word_1_138' title='bbox 523 1919 562 1962; x_wconf 86' lang='lat' dir='ltr'><strong>ex</strong></span> <span class='ocrx_word' id='word_1_139' title='bbox 583 1896 753 1985; x_wconf 71' lang='lat' dir='ltr'><strong>interjedlu</strong></span> <span class='ocrx_word' id='word_1_140' title='bbox 772 1896 894 1962; x_wconf 83' lang='lat' dir='ltr'><strong>telluris</strong></span> <span class='ocrx_word' id='word_1_141' title='bbox 916 1896 949 1961; x_wconf 89' lang='lat' dir='ltr'><strong>in</strong></span> <span class='ocrx_word' id='word_1_142' title='bbox 970 1895 1099 1961; x_wconf 68' lang='lat' dir='ltr'><strong>defedu</strong></span> <span class='ocrx_word' id='word_1_143' title='bbox 1115 1896 1188 1962; x_wconf 79' lang='lat' dir='ltr'><strong>solia</strong></span> 
     </span>
     <span class='ocr_line' id='line_1_17' title="bbox 156 1996 1188 2087; baseline -0.006 0"><span class='ocrx_word' id='word_1_144' title='bbox 156 2021 189 2087; x_wconf 83' lang='lat' dir='ltr'><strong>r·</strong></span> <span class='ocrx_word' id='word_1_145' title='bbox 205 2019 280 2087; x_wconf 81' lang='lat'><strong>933·</strong></span> <span class='ocrx_word' id='word_1_146' title='bbox 297 2000 344 2063; x_wconf 83' lang='lat' dir='ltr'><strong>B=</strong></span> <span class='ocrx_word' id='word_1_147' title='bbox 367 1999 481 2084; x_wconf 54' lang='grc' dir='ltr'>μενέει</span> <span class='ocrx_word' id='word_1_148' title='bbox 495 2003 554 2086; x_wconf 59' lang='lat' dir='ltr'><strong>ra</strong></span> <span class='ocrx_word' id='word_1_149' title='bbox 569 2005 584 2076; x_wconf 72' lang='grc' dir='ltr'><strong>ἡ</strong></span> <span class='ocrx_word' id='word_1_150' title='bbox 598 1997 789 2085; x_wconf 55' lang='grc' dir='ltr'><strong>δευοίατο·</strong></span> <span class='ocrx_word' id='word_1_151' title='bbox 813 2011 893 2084; x_wconf 76' lang='lat' dir='ltr'><strong>etr·</strong></span> <span class='ocrx_word' id='word_1_152' title='bbox 907 1999 1045 2084; x_wconf 81' lang='lat' dir='ltr'><strong>933·A=</strong></span> <span class='ocrx_word' id='word_1_153' title='bbox 1069 1996 1188 2084; x_wconf 60' lang='grc' dir='ltr'>ἄοκνον</span> 
     </span>
     <span class='ocr_line' id='line_1_18' title="bbox 154 2098 1186 2189; baseline 0.001 -25"><span class='ocrx_word' id='word_1_154' title='bbox 154 2106 215 2189; x_wconf 71' lang='grc' dir='ltr'><strong>γὰρ</strong></span> <span class='ocrx_word' id='word_1_155' title='bbox 236 2106 338 2165; x_wconf 65' lang='lat' dir='ltr'><strong>inridre</strong></span> <span class='ocrx_word' id='word_1_156' title='bbox 358 2106 374 2177; x_wconf 80' lang='grc' dir='ltr'><strong>ἡ</strong></span> <span class='ocrx_word' id='word_1_157' title='bbox 395 2100 589 2188; x_wconf 64' lang='grc' dir='ltr'><strong>ἔτιπςόθοοις.</strong></span> <span class='ocrx_word' id='word_1_158' title='bbox 623 2099 824 2166; x_wconf 76' lang='lat' dir='ltr'><strong>lamblichus</strong></span> <span class='ocrx_word' id='word_1_159' title='bbox 842 2100 894 2164; x_wconf 86' lang='lat' dir='ltr'><strong>De</strong></span> <span class='ocrx_word' id='word_1_160' title='bbox 912 2098 981 2166; x_wconf 79' lang='lat' dir='ltr'><strong>Va.</strong></span> <span class='ocrx_word' id='word_1_161' title='bbox 997 2099 1135 2188; x_wconf 82' lang='lat' dir='ltr'><strong>Pythag.</strong></span> <span class='ocrx_word' id='word_1_162' title='bbox 1157 2104 1186 2186; x_wconf 66' lang='grc' dir='ltr'><strong>ξ.</strong></span> 
     </span>
     <span class='ocr_line' id='line_1_19' title="bbox 153 2199 1188 2289; baseline 0 -22"><span class='ocrx_word' id='word_1_163' title='bbox 153 2222 209 2288; x_wconf 82' lang='lat'><strong>31.</strong></span> <span class='ocrx_word' id='word_1_164' title='bbox 255 2203 303 2267; x_wconf 86' lang='lat' dir='ltr'><strong>At</strong></span> <span class='ocrx_word' id='word_1_165' title='bbox 323 2201 478 2266; x_wconf 90' lang='lat' dir='ltr'><strong>hocloco</strong></span> <span class='ocrx_word' id='word_1_166' title='bbox 499 2199 534 2264; x_wconf 89' lang='lat' dir='ltr'><strong>in</strong></span> <span class='ocrx_word' id='word_1_167' title='bbox 556 2199 696 2266; x_wconf 76' lang='lat' dir='ltr'><strong>Platonis</strong></span> <span class='ocrx_word' id='word_1_168' title='bbox 709 2199 862 2289; x_wconf 81' lang='lat' dir='ltr'><strong>exemplis</strong></span> <span class='ocrx_word' id='word_1_169' title='bbox 882 2201 926 2266; x_wconf 90' lang='lat' dir='ltr'><strong>est</strong></span> <span class='ocrx_word' id='word_1_170' title='bbox 945 2200 1107 2288; x_wconf 68' lang='grc' dir='ltr'>ἐπιπροθεν,</span> <span class='ocrx_word' id='word_1_171' title='bbox 1121 2222 1188 2289; x_wconf 91' lang='lat' dir='ltr'><strong>quo</strong></span> 
     </span>
     <span class='ocr_line' id='line_1_20' title="bbox 155 2300 1188 2390; baseline -0.003 -21"><span class='ocrx_word' id='word_1_172' title='bbox 155 2302 305 2369; x_wconf 84' lang='lat' dir='ltr'><strong>adverbio</strong></span> <span class='ocrx_word' id='word_1_173' title='bbox 326 2301 391 2389; x_wconf 91' lang='lat' dir='ltr'><strong>ipse</strong></span> <span class='ocrx_word' id='word_1_174' title='bbox 413 2300 546 2367; x_wconf 86' lang='lat' dir='ltr'><strong>subinde</strong></span> <span class='ocrx_word' id='word_1_175' title='bbox 559 2300 682 2367; x_wconf 73' lang='lat' dir='ltr'><strong>utiturt</strong></span> <span class='ocrx_word' id='word_1_176' title='bbox 705 2303 787 2390; x_wconf 81' lang='lat' dir='ltr'><strong>Leg.</strong></span> <span class='ocrx_word' id='word_1_177' title='bbox 809 2303 853 2368; x_wconf 94' lang='lat' dir='ltr'><strong>ll.</strong></span> <span class='ocrx_word' id='word_1_178' title='bbox 876 2324 910 2388; x_wconf 90' lang='lat' dir='ltr'><strong>p.</strong></span> <span class='ocrx_word' id='word_1_179' title='bbox 925 2317 1001 2389; x_wconf 83' lang='lat'><strong>574.</strong></span> <span class='ocrx_word' id='word_1_180' title='bbox 1015 2304 1063 2368; x_wconf 84' lang='lat' dir='ltr'><strong>G:</strong></span> <span class='ocrx_word' id='word_1_181' title='bbox 1086 2304 1119 2367; x_wconf 73' lang='lat' dir='ltr'><strong>ri</strong></span> <span class='ocrx_word' id='word_1_182' title='bbox 1140 2309 1188 2383; x_wconf 75' lang='grc' dir='ltr'><strong>τῆς</strong></span> 
     </span>
     <span class='ocr_line' id='line_1_21' title="bbox 154 2402 1187 2494; baseline 0.003 -26"><span class='ocrx_word' id='word_1_183' title='bbox 154 2405 270 2490; x_wconf 73' lang='grc' dir='ltr'>αἲχῦνης</span> <span class='ocrx_word' id='word_1_184' title='bbox 284 2403 435 2492; x_wconf 73' lang='grc' dir='ltr'><strong>ἐπὶπροθεν</strong></span> <span class='ocrx_word' id='word_1_185' title='bbox 448 2402 619 2486; x_wconf 69' lang='grc' dir='ltr'>ποιούμενος.</span> <span class='ocrx_word' id='word_1_186' title='bbox 652 2403 713 2469; x_wconf 96' lang='lat' dir='ltr'><strong>Vl.</strong></span> <span class='ocrx_word' id='word_1_187' title='bbox 728 2425 762 2490; x_wconf 91' lang='lat' dir='ltr'><strong>p.</strong></span> <span class='ocrx_word' id='word_1_188' title='bbox 773 2405 849 2472; x_wconf 87' lang='lat'><strong>626.</strong></span> <span class='ocrx_word' id='word_1_189' title='bbox 864 2403 894 2470; x_wconf 86' lang='lat' dir='ltr'>C</span> <span class='ocrx_word' id='word_1_190' title='bbox 906 2429 915 2469; x_wconf 77' lang='lat' dir='ltr'><strong>r</strong></span> <span class='ocrx_word' id='word_1_191' title='bbox 938 2404 977 2468; x_wconf 82' lang='lat' dir='ltr'><strong>rai</strong></span> <span class='ocrx_word' id='word_1_192' title='bbox 989 2430 1021 2468; x_wconf 88' lang='grc' dir='ltr'><strong>τε</strong></span> <span class='ocrx_word' id='word_1_193' title='bbox 1034 2405 1187 2494; x_wconf 57' lang='lat' dir='ltr'><strong>&amp;lagadun</strong></span> 
     </span>
     <span class='ocr_line' id='line_1_22' title="bbox 154 2503 1186 2594; baseline 0.001 -24"><span class='ocrx_word' id='word_1_194' title='bbox 154 2509 255 2586; x_wconf 68' lang='grc' dir='ltr'>αὐτῶν,</span> <span class='ocrx_word' id='word_1_195' title='bbox 276 2505 315 2570; x_wconf 68' lang='grc' dir='ltr'><strong>ἔτι</strong></span> <span class='ocrx_word' id='word_1_196' title='bbox 329 2513 373 2570; x_wconf 81' lang='grc' dir='ltr'><strong>νῦν</strong></span> <span class='ocrx_word' id='word_1_197' title='bbox 393 2503 459 2569; x_wconf 78' lang='grc' dir='ltr'>ὄντα</span> <span class='ocrx_word' id='word_1_198' title='bbox 478 2503 679 2590; x_wconf 74' lang='grc' dir='ltr'>οἰνομοθίτητα,</span> <span class='ocrx_word' id='word_1_199' title='bbox 692 2505 825 2584; x_wconf 75' lang='grc' dir='ltr'>τάξαντες</span> <span class='ocrx_word' id='word_1_200' title='bbox 838 2509 923 2586; x_wconf 75' lang='grc' dir='ltr'>αὐτοὶ,</span> <span class='ocrx_word' id='word_1_201' title='bbox 935 2505 1086 2594; x_wconf 56' lang='lat' dir='ltr'><strong>&amp;supuda</strong></span> <span class='ocrx_word' id='word_1_202' title='bbox 1099 2533 1186 2586; x_wconf 72' lang='grc' dir='ltr'>ποιη-</span> 
     </span>
     <span class='ocr_line' id='line_1_23' title="bbox 153 2605 1185 2696; baseline 0 -25"><span class='ocrx_word' id='word_1_203' title='bbox 153 2607 273 2690; x_wconf 70' lang='grc' dir='ltr'>σόμεθα·</span> <span class='ocrx_word' id='word_1_204' title='bbox 296 2607 319 2673; x_wconf 93' lang='lat' dir='ltr'><strong>i.</strong></span> <span class='ocrx_word' id='word_1_205' title='bbox 336 2630 366 2672; x_wconf 87' lang='lat' dir='ltr'><strong>e.</strong></span> <span class='ocrx_word' id='word_1_206' title='bbox 385 2619 415 2670; x_wconf 80' lang='lat' dir='ltr'><strong>el</strong></span> <span class='ocrx_word' id='word_1_207' title='bbox 431 2631 477 2686; x_wconf 83' lang='lat' dir='ltr'><strong>ea,</strong></span> <span class='ocrx_word' id='word_1_208' title='bbox 500 2630 569 2694; x_wconf 75' lang='lat' dir='ltr'><strong>quae</strong></span> <span class='ocrx_word' id='word_1_209' title='bbox 583 2605 629 2671; x_wconf 79' lang='lat' dir='ltr'><strong>his</strong></span> <span class='ocrx_word' id='word_1_210' title='bbox 642 2605 784 2691; x_wconf 63' lang='lat' dir='ltr'><strong>afficirent,</strong></span> <span class='ocrx_word' id='word_1_211' title='bbox 799 2608 927 2671; x_wconf 84' lang='lat' dir='ltr'><strong>nandum</strong></span> <span class='ocrx_word' id='word_1_212' title='bbox 940 2606 1090 2694; x_wconf 72' lang='lat' dir='ltr'><strong>corstituta</strong></span> <span class='ocrx_word' id='word_1_213' title='bbox 1106 2608 1185 2696; x_wconf 81' lang='lat' dir='ltr'><strong>legi-</strong></span> 
     </span>
     <span class='ocr_line' id='line_1_24' title="bbox 155 2708 1184 2800; baseline 0.003 -28"><span class='ocrx_word' id='word_1_214' title='bbox 155 2708 209 2772; x_wconf 81' lang='lat' dir='ltr'><strong>bus</strong></span> <span class='ocrx_word' id='word_1_215' title='bbox 222 2709 405 2788; x_wconf 76' lang='lat' dir='ltr'><strong>ordinantes,</strong></span> <span class='ocrx_word' id='word_1_216' title='bbox 421 2733 458 2773; x_wconf 81' lang='lat' dir='ltr'><strong>ex</strong></span> <span class='ocrx_word' id='word_1_217' title='bbox 471 2708 623 2792; x_wconf 71' lang='lat' dir='ltr'><strong>interjctiu</strong></span> <span class='ocrx_word' id='word_1_218' title='bbox 636 2732 851 2774; x_wconf 83' lang='lat' dir='ltr'><strong>removeamus:</strong></span> <span class='ocrx_word' id='word_1_219' title='bbox 872 2708 919 2774; x_wconf 87' lang='lat' dir='ltr'><strong>ita</strong></span> <span class='ocrx_word' id='word_1_220' title='bbox 939 2709 1102 2790; x_wconf 81' lang='lat' dir='ltr'><strong>vertimus,</strong></span> <span class='ocrx_word' id='word_1_221' title='bbox 1125 2735 1184 2800; x_wconf 92' lang='lat' dir='ltr'><strong>po-</strong></span> 
     </span>
     <span class='ocr_line' id='line_1_25' title="bbox 154 2809 1186 2899; baseline 0.006 -25"><span class='ocrx_word' id='word_1_222' title='bbox 154 2811 281 2877; x_wconf 85' lang='lat' dir='ltr'><strong>steriore</strong></span> <span class='ocrx_word' id='word_1_223' title='bbox 302 2811 452 2898; x_wconf 72' lang='grc' dir='ltr'>ἐπίπροθεν</span> <span class='ocrx_word' id='word_1_224' title='bbox 472 2810 505 2875; x_wconf 94' lang='lat' dir='ltr'><strong>in</strong></span> <span class='ocrx_word' id='word_1_225' title='bbox 523 2810 684 2895; x_wconf 68' lang='grc' dir='ltr'>ἀπόπροθεν</span> <span class='ocrx_word' id='word_1_226' title='bbox 704 2822 842 2890; x_wconf 88' lang='lat' dir='ltr'><strong>mutato,</strong></span> <span class='ocrx_word' id='word_1_227' title='bbox 857 2809 945 2896; x_wconf 93' lang='lat' dir='ltr'><strong>quod</strong></span> <span class='ocrx_word' id='word_1_228' title='bbox 959 2809 1004 2874; x_wconf 83' lang='lat' dir='ltr'><strong>ita</strong></span> <span class='ocrx_word' id='word_1_229' title='bbox 1016 2812 1186 2899; x_wconf 87' lang='lat' dir='ltr'><strong>usurpatur</strong></span> 
     </span>
     <span class='ocr_line' id='line_1_26' title="bbox 154 2909 1185 2998; baseline 0.005 -23"><span class='ocrx_word' id='word_1_230' title='bbox 154 2909 187 2975; x_wconf 89' lang='lat' dir='ltr'><strong>in</strong></span> <span class='ocrx_word' id='word_1_231' title='bbox 210 2912 361 2998; x_wconf 86' lang='lat' dir='ltr'><strong>Epinom.</strong></span> <span class='ocrx_word' id='word_1_232' title='bbox 385 2932 418 2996; x_wconf 95' lang='lat' dir='ltr'><strong>p.</strong></span> <span class='ocrx_word' id='word_1_233' title='bbox 433 2928 508 2996; x_wconf 82' lang='lat'><strong>703.</strong></span> <span class='ocrx_word' id='word_1_234' title='bbox 523 2912 562 2974; x_wconf 89' lang='lat' dir='ltr'><strong>B.</strong></span> <span class='ocrx_word' id='word_1_235' title='bbox 598 2909 662 2974; x_wconf 91' lang='lat' dir='ltr'><strong>Sed</strong></span> <span class='ocrx_word' id='word_1_236' title='bbox 675 2923 713 2974; x_wconf 94' lang='lat' dir='ltr'><strong>ut</strong></span> <span class='ocrx_word' id='word_1_237' title='bbox 725 2910 766 2975; x_wconf 92' lang='lat' dir='ltr'><strong>ad</strong></span> <span class='ocrx_word' id='word_1_238' title='bbox 781 2910 929 2997; x_wconf 72' lang='grc' dir='ltr'>ἑπίπροθεν</span> <span class='ocrx_word' id='word_1_239' title='bbox 945 2910 1124 2994; x_wconf 86' lang='lat' dir='ltr'><strong>redeamus,</strong></span> <span class='ocrx_word' id='word_1_240' title='bbox 1143 2917 1185 2981; x_wconf 92' lang='lat' dir='ltr'><strong>est</strong></span> 
     </span>
     <span class='ocr_line' id='line_1_27' title="bbox 153 3011 1184 3098; baseline 0.007 -22"><span class='ocrx_word' id='word_1_241' title='bbox 153 3013 217 3078; x_wconf 92' lang='lat' dir='ltr'><strong>hoc</strong></span> <span class='ocrx_word' id='word_1_242' title='bbox 232 3012 310 3076; x_wconf 90' lang='lat' dir='ltr'><strong>item</strong></span> <span class='ocrx_word' id='word_1_243' title='bbox 325 3012 386 3076; x_wconf 93' lang='lat' dir='ltr'><strong>IX.</strong></span> <span class='ocrx_word' id='word_1_244' title='bbox 409 3034 442 3097; x_wconf 92' lang='lat' dir='ltr'><strong>p.</strong></span> <span class='ocrx_word' id='word_1_245' title='bbox 457 3014 531 3075; x_wconf 91' lang='lat'><strong>660.</strong></span> <span class='ocrx_word' id='word_1_246' title='bbox 547 3013 601 3076; x_wconf 86' lang='lat' dir='ltr'><strong>H:</strong></span> <span class='ocrx_word' id='word_1_247' title='bbox 625 3025 658 3076; x_wconf 86' lang='lat' dir='ltr'><strong>et</strong></span> <span class='ocrx_word' id='word_1_248' title='bbox 679 3011 766 3098; x_wconf 88' lang='lat' dir='ltr'><strong>apud</strong></span> <span class='ocrx_word' id='word_1_249' title='bbox 785 3012 991 3077; x_wconf 87' lang='lat' dir='ltr'><strong>Plutarchum</strong></span> <span class='ocrx_word' id='word_1_250' title='bbox 1009 3014 1062 3079; x_wconf 87' lang='lat' dir='ltr'><strong>De</strong></span> <span class='ocrx_word' id='word_1_251' title='bbox 1077 3016 1184 3083; x_wconf 89' lang='lat' dir='ltr'><strong>Soler·</strong></span> 
     </span>
     <span class='ocr_line' id='line_1_28' title="bbox 58 3099 1185 3203; baseline 0.006 -26"><span class='ocrx_word' id='word_1_252' title='bbox 58 3112 63 3117; x_wconf 47' lang='lat'>¹</span> <span class='ocrx_word' id='word_1_253' title='bbox 114 3099 119 3111; x_wconf 43' lang='lat'><strong><em>¹</em></strong></span> <span class='ocrx_word' id='word_1_254' title='bbox 153 3113 200 3178; x_wconf 81' lang='lat' dir='ltr'><strong>tia</strong></span> <span class='ocrx_word' id='word_1_255' title='bbox 216 3112 360 3178; x_wconf 85' lang='lat' dir='ltr'><strong>Animal.</strong></span> <span class='ocrx_word' id='word_1_256' title='bbox 383 3134 415 3198; x_wconf 95' lang='lat' dir='ltr'><strong>p.</strong></span> <span class='ocrx_word' id='word_1_257' title='bbox 430 3127 504 3199; x_wconf 84' lang='lat'><strong>975.</strong></span> <span class='ocrx_word' id='word_1_258' title='bbox 520 3114 572 3177; x_wconf 85' lang='lat' dir='ltr'><strong>D:</strong></span> <span class='ocrx_word' id='word_1_259' title='bbox 596 3120 650 3176; x_wconf 79' lang='grc' dir='ltr'><strong>τῶν</strong></span> <span class='ocrx_word' id='word_1_260' title='bbox 673 3117 699 3176; x_wconf 79' lang='grc' dir='ltr'><strong>ἐν</strong></span> <span class='ocrx_word' id='word_1_261' title='bbox 720 3118 759 3199; x_wconf 70' lang='grc' dir='ltr'><strong>γῇ</strong></span> <span class='ocrx_word' id='word_1_262' title='bbox 779 3115 1020 3199; x_wconf 63' lang='grc' dir='ltr'>παραδειγμάτων</span> <span class='ocrx_word' id='word_1_263' title='bbox 1035 3116 1185 3203; x_wconf 65' lang='grc' dir='ltr'>ἐπίπροθεν</span> 
     </span>
     <span class='ocr_line' id='line_1_29' title="bbox 153 3213 1184 3302; baseline 0.01 -25"><span class='ocrx_word' id='word_1_264' title='bbox 153 3214 211 3279; x_wconf 66' lang='lat' dir='ltr'><strong>tlh</strong></span> <span class='ocrx_word' id='word_1_265' title='bbox 227 3220 294 3296; x_wconf 79' lang='lat' dir='ltr'><strong>i5u,</strong></span> <span class='ocrx_word' id='word_1_266' title='bbox 308 3217 375 3278; x_wconf 77' lang='grc' dir='ltr'><strong>ἀλλ’</strong></span> <span class='ocrx_word' id='word_1_267' title='bbox 390 3213 544 3299; x_wconf 74' lang='grc' dir='ltr'>ἆνεοιγμένῃ</span> <span class='ocrx_word' id='word_1_268' title='bbox 559 3213 675 3301; x_wconf 67' lang='grc' dir='ltr'>παρέχω</span> <span class='ocrx_word' id='word_1_269' title='bbox 689 3220 723 3299; x_wconf 76' lang='grc' dir='ltr'><strong>τῇ</strong></span> <span class='ocrx_word' id='word_1_270' title='bbox 737 3215 852 3292; x_wconf 56' lang='lat' dir='ltr'><strong>aidica</strong></span> <span class='ocrx_word' id='word_1_271' title='bbox 866 3219 913 3290; x_wconf 76' lang='grc' dir='ltr'><strong>τὴν</strong></span> <span class='ocrx_word' id='word_1_272' title='bbox 927 3216 1039 3302; x_wconf 72' lang='grc' dir='ltr'><strong>ἶςορίακ.</strong></span> <span class='ocrx_word' id='word_1_273' title='bbox 1066 3220 1184 3288; x_wconf 81' lang='lat' dir='ltr'><strong>Pericle</strong></span> 
     </span>
     <span class='ocr_line' id='line_1_30' title="bbox 151 3313 1182 3404; baseline -0.007 -22"><span class='ocrx_word' id='word_1_274' title='bbox 151 3338 185 3402; x_wconf 88' lang='lat' dir='ltr'><strong>p.</strong></span> <span class='ocrx_word' id='word_1_275' title='bbox 204 3320 276 3382; x_wconf 88' lang='lat'><strong>160.</strong></span> <span class='ocrx_word' id='word_1_276' title='bbox 292 3318 337 3380; x_wconf 82' lang='lat' dir='ltr'><strong>E:</strong></span> <span class='ocrx_word' id='word_1_277' title='bbox 362 3314 427 3379; x_wconf 69' lang='lat' dir='ltr'><strong>irae</strong></span> <span class='ocrx_word' id='word_1_278' title='bbox 444 3322 467 3378; x_wconf 87' lang='lat' dir='ltr'><strong>oi</strong></span> <span class='ocrx_word' id='word_1_279' title='bbox 487 3316 537 3397; x_wconf 75' lang='lat' dir='ltr'><strong>pir</strong></span> <span class='ocrx_word' id='word_1_280' title='bbox 558 3313 649 3402; x_wconf 73' lang='grc' dir='ltr'>ὅςιροι</span> <span class='ocrx_word' id='word_1_281' title='bbox 667 3315 811 3400; x_wconf 71' lang='grc' dir='ltr'>γεγονότες</span> <span class='ocrx_word' id='word_1_282' title='bbox 828 3317 874 3380; x_wconf 76' lang='grc' dir='ltr'><strong>τὸν</strong></span> <span class='ocrx_word' id='word_1_283' title='bbox 892 3316 991 3404; x_wconf 63' lang='grc' dir='ltr'>χρόνον</span> <span class='ocrx_word' id='word_1_284' title='bbox 1005 3317 1108 3404; x_wconf 52' lang='grc' dir='ltr'>ἥρωσιν</span> <span class='ocrx_word' id='word_1_285' title='bbox 1122 3323 1182 3386; x_wconf 64' lang='grc' dir='ltr'><strong>ἐπί.</strong></span> 
     </span>
     <span class='ocr_line' id='line_1_31' title="bbox 150 3416 1184 3507; baseline 0.006 -24"><span class='ocrx_word' id='word_1_286' title='bbox 150 3424 258 3507; x_wconf 71' lang='grc' dir='ltr'>προθεκ</span> <span class='ocrx_word' id='word_1_287' title='bbox 279 3417 344 3483; x_wconf 78' lang='grc' dir='ltr'>ὄντα</span> <span class='ocrx_word' id='word_1_288' title='bbox 364 3424 398 3504; x_wconf 75' lang='grc' dir='ltr'><strong>τῇ</strong></span> <span class='ocrx_word' id='word_1_289' title='bbox 417 3416 517 3502; x_wconf 77' lang='grc' dir='ltr'>γνώσει</span> <span class='ocrx_word' id='word_1_290' title='bbox 530 3425 584 3480; x_wconf 76' lang='grc' dir='ltr'><strong>τῶν</strong></span> <span class='ocrx_word' id='word_1_291' title='bbox 596 3417 782 3504; x_wconf 74' lang='grc' dir='ltr'>πραγμάτων·</span> <span class='ocrx_word' id='word_1_292' title='bbox 806 3416 908 3482; x_wconf 86' lang='lat' dir='ltr'><strong>codex</strong></span> <span class='ocrx_word' id='word_1_293' title='bbox 922 3419 1116 3486; x_wconf 85' lang='lat' dir='ltr'><strong>Moscuenfis</strong></span> <span class='ocrx_word' id='word_1_294' title='bbox 1128 3424 1184 3489; x_wconf 85' lang='lat' dir='ltr'><strong>dat</strong></span> 
     </span>
     <span class='ocr_line' id='line_1_32' title="bbox 152 3517 1183 3608; baseline 0.006 -24"><span class='ocrx_word' id='word_1_295' title='bbox 152 3524 368 3608; x_wconf 69' lang='grc' dir='ltr'>ὂπιπροθοῢντα.</span> <span class='ocrx_word' id='word_1_296' title='bbox 405 3517 577 3583; x_wconf 89' lang='lat' dir='ltr'><strong>Coriolano</strong></span> <span class='ocrx_word' id='word_1_297' title='bbox 591 3539 623 3604; x_wconf 91' lang='lat' dir='ltr'><strong>p.</strong></span> <span class='ocrx_word' id='word_1_298' title='bbox 637 3536 711 3604; x_wconf 84' lang='lat'><strong>223.</strong></span> <span class='ocrx_word' id='word_1_299' title='bbox 727 3519 767 3582; x_wconf 89' lang='lat' dir='ltr'><strong>C.</strong></span> <span class='ocrx_word' id='word_1_300' title='bbox 805 3521 906 3585; x_wconf 91' lang='lat' dir='ltr'><strong>Bruto</strong></span> <span class='ocrx_word' id='word_1_301' title='bbox 919 3541 952 3608; x_wconf 94' lang='lat' dir='ltr'><strong>p.</strong></span> <span class='ocrx_word' id='word_1_302' title='bbox 967 3521 1041 3606; x_wconf 84' lang='lat'><strong>985&#39;.</strong></span> <span class='ocrx_word' id='word_1_303' title='bbox 1055 3523 1100 3587; x_wconf 94' lang='lat' dir='ltr'><strong>D.</strong></span> <span class='ocrx_word' id='word_1_304' title='bbox 1132 3527 1183 3590; x_wconf 84' lang='lat' dir='ltr'><strong>A·</strong></span> 
     </span>
     <span class='ocr_line' id='line_1_33' title="bbox 151 3620 1182 3709; baseline 0.003 -23"><span class='ocrx_word' id='word_1_305' title='bbox 151 3636 223 3686; x_wconf 89' lang='lat' dir='ltr'><strong>rato</strong></span> <span class='ocrx_word' id='word_1_306' title='bbox 244 3644 277 3709; x_wconf 90' lang='lat' dir='ltr'><strong>p.</strong></span> <span class='ocrx_word' id='word_1_307' title='bbox 296 3621 389 3705; x_wconf 86' lang='lat'><strong>1038.</strong></span> <span class='ocrx_word' id='word_1_308' title='bbox 410 3620 450 3684; x_wconf 92' lang='lat' dir='ltr'><strong>C.</strong></span> <span class='ocrx_word' id='word_1_309' title='bbox 486 3620 690 3707; x_wconf 87' lang='lat' dir='ltr'><strong>Antiphanes</strong></span> <span class='ocrx_word' id='word_1_310' title='bbox 712 3620 797 3707; x_wconf 86' lang='lat' dir='ltr'><strong>apud</strong></span> <span class='ocrx_word' id='word_1_311' title='bbox 819 3622 985 3686; x_wconf 83' lang='lat' dir='ltr'><strong>Stobaeum</strong></span> <span class='ocrx_word' id='word_1_312' title='bbox 1004 3623 1073 3689; x_wconf 87' lang='lat' dir='ltr'><strong>Tit.</strong></span> <span class='ocrx_word' id='word_1_313' title='bbox 1089 3626 1182 3694; x_wconf 88' lang='lat' dir='ltr'><strong>XVI.</strong></span> 
     </span>
     <span class='ocr_line' id='line_1_34' title="bbox 114 3719 1182 3812; baseline 0.006 -26"><span class='ocrx_word' id='word_1_314' title='bbox 114 3720 118 3725; x_wconf 43' lang='lat'>¹</span> <span class='ocrx_word' id='word_1_315' title='bbox 150 3746 184 3811; x_wconf 89' lang='lat' dir='ltr'><strong>p.</strong></span> <span class='ocrx_word' id='word_1_316' title='bbox 202 3738 261 3807; x_wconf 82' lang='lat'><strong>153</strong></span> <span class='ocrx_word' id='word_1_317' title='bbox 276 3747 284 3785; x_wconf 91' lang='lat'>:</span> <span class='ocrx_word' id='word_1_318' title='bbox 303 3719 348 3783; x_wconf 85' lang='grc' dir='ltr'>Ὦ</span> <span class='ocrx_word' id='word_1_319' title='bbox 367 3725 505 3808; x_wconf 80' lang='grc' dir='ltr'>δυςιιχεῖς,</span> <span class='ocrx_word' id='word_1_320' title='bbox 520 3719 606 3784; x_wconf 74' lang='grc' dir='ltr'>ὅσοισι</span> <span class='ocrx_word' id='word_1_321' title='bbox 620 3729 668 3785; x_wconf 83' lang='grc' dir='ltr'><strong>τοῦ</strong></span> <span class='ocrx_word' id='word_1_322' title='bbox 681 3720 776 3809; x_wconf 71' lang='grc' dir='ltr'>κέρδος</span> <span class='ocrx_word' id='word_1_323' title='bbox 795 3723 894 3809; x_wconf 71' lang='grc' dir='ltr'>χάριν,</span> <span class='ocrx_word' id='word_1_324' title='bbox 912 3721 1074 3812; x_wconf 67' lang='grc' dir='ltr'>Ἐπῖπροθε</span> <span class='ocrx_word' id='word_1_325' title='bbox 1095 3731 1121 3790; x_wconf 81' lang='grc' dir='ltr'><strong>τ’</strong></span> <span class='ocrx_word' id='word_1_326' title='bbox 1134 3734 1182 3793; x_wconf 78' lang='grc' dir='ltr'><strong>αἶ-</strong></span> 
     </span>
     <span class='ocr_line' id='line_1_35' title="bbox 149 3822 1180 3913; baseline 0.007 -28"><span class='ocrx_word' id='word_1_327' title='bbox 149 3828 212 3912; x_wconf 65' lang='lat' dir='ltr'><strong>ypd</strong></span> <span class='ocrx_word' id='word_1_328' title='bbox 233 3822 333 3908; x_wconf 64' lang='grc' dir='ltr'>φαίνετ’</span> <span class='ocrx_word' id='word_1_329' title='bbox 348 3823 412 3904; x_wconf 69' lang='lat' dir='ltr'><strong>alm</strong></span> <span class='ocrx_word' id='word_1_330' title='bbox 432 3831 487 3887; x_wconf 79' lang='grc' dir='ltr'><strong>τῶν</strong></span> <span class='ocrx_word' id='word_1_331' title='bbox 508 3831 612 3886; x_wconf 78' lang='grc' dir='ltr'>καλῶν·</span> <span class='ocrx_word' id='word_1_332' title='bbox 635 3825 797 3887; x_wconf 83' lang='grc' dir='ltr'>Ἐπιοκοπεῖ</span> <span class='ocrx_word' id='word_1_333' title='bbox 814 3827 874 3913; x_wconf 68' lang='grc' dir='ltr'><strong>γὰρ</strong></span> <span class='ocrx_word' id='word_1_334' title='bbox 887 3832 927 3910; x_wconf 78' lang='grc' dir='ltr'><strong>τῷ</strong></span> <span class='ocrx_word' id='word_1_335' title='bbox 941 3831 1041 3909; x_wconf 82' lang='grc' dir='ltr'>φρονεῖν</span> <span class='ocrx_word' id='word_1_336' title='bbox 1055 3829 1086 3891; x_wconf 82' lang='lat' dir='ltr'><strong>ri</strong></span> <span class='ocrx_word' id='word_1_337' title='bbox 1101 3844 1180 3913; x_wconf 80' lang='grc' dir='ltr'>λαμ-</span> 
     </span>
     <span class='ocr_line' id='line_1_36' title="bbox 150 3923 1180 4012; baseline 0.005 -22"><span class='ocrx_word' id='word_1_338' title='bbox 150 3924 248 3993; x_wconf 64' lang='lat' dir='ltr'><strong>sirau.</strong></span> <span class='ocrx_word' id='word_1_339' title='bbox 271 3925 382 4012; x_wconf 87' lang='lat' dir='ltr'><strong>Vulgo</strong></span> <span class='ocrx_word' id='word_1_340' title='bbox 397 3945 563 4012; x_wconf 87' lang='lat' dir='ltr'><strong>perperam</strong></span> <span class='ocrx_word' id='word_1_341' title='bbox 578 3923 684 3989; x_wconf 88' lang='lat' dir='ltr'><strong>editur</strong></span> <span class='ocrx_word' id='word_1_342' title='bbox 695 3926 727 3988; x_wconf 79' lang='grc' dir='ltr'><strong>τὸ</strong></span> <span class='ocrx_word' id='word_1_343' title='bbox 742 3930 853 4012; x_wconf 75' lang='grc' dir='ltr'><strong>φρονεῖν.</strong></span> <span class='ocrx_word' id='word_1_344' title='bbox 880 3926 1071 3992; x_wconf 89' lang='lat' dir='ltr'><strong>Cleomedes</strong></span> <span class='ocrx_word' id='word_1_345' title='bbox 1085 3936 1180 3997; x_wconf 83' lang='grc' dir='ltr'>Κονλ.</span> 
     </span>
     <span class='ocr_line' id='line_1_37' title="bbox 149 4027 1180 4115; baseline 0.004 -22"><span class='ocrx_word' id='word_1_346' title='bbox 149 4032 243 4115; x_wconf 84' lang='grc' dir='ltr'>Θεοιρ.</span> <span class='ocrx_word' id='word_1_347' title='bbox 260 4029 306 4091; x_wconf 92' lang='grc' dir='ltr'><strong>ΙΙ.</strong></span> <span class='ocrx_word' id='word_1_348' title='bbox 327 4048 361 4112; x_wconf 91' lang='lat' dir='ltr'><strong>p.</strong></span> <span class='ocrx_word' id='word_1_349' title='bbox 375 4029 439 4108; x_wconf 88' lang='lat'><strong>466</strong></span> <span class='ocrx_word' id='word_1_350' title='bbox 451 4053 459 4090; x_wconf 80' lang='grc'><strong>1</strong></span> <span class='ocrx_word' id='word_1_351' title='bbox 484 4030 583 4113; x_wconf 76' lang='grc' dir='ltr'>ἀνδρῶν</span> <span class='ocrx_word' id='word_1_352' title='bbox 596 4027 660 4112; x_wconf 71' lang='grc' dir='ltr'>πρὸς</span> <span class='ocrx_word' id='word_1_353' title='bbox 676 4030 773 4113; x_wconf 72' lang='grc' dir='ltr'>ἀρετὴν</span> <span class='ocrx_word' id='word_1_354' title='bbox 784 4027 940 4110; x_wconf 66' lang='grc' dir='ltr'>πεφυκότων</span> <span class='ocrx_word' id='word_1_355' title='bbox 953 4028 1000 4109; x_wconf 63' lang='grc' dir='ltr'><strong>καὶ</strong></span> <span class='ocrx_word' id='word_1_356' title='bbox 1013 4032 1095 4113; x_wconf 70' lang='grc' dir='ltr'>μηδὲν</span> <span class='ocrx_word' id='word_1_357' title='bbox 1109 4033 1180 4097; x_wconf 77' lang='grc' dir='ltr'>τοιό-</span> 
     </span>
     <span class='ocr_line' id='line_1_38' title="bbox 148 4126 1181 4220; baseline 0.003 -25"><span class='ocrx_word' id='word_1_358' title='bbox 148 4158 196 4208; x_wconf 80' lang='grc' dir='ltr'><strong>της</strong></span> <span class='ocrx_word' id='word_1_359' title='bbox 210 4130 360 4217; x_wconf 61' lang='lat' dir='ltr'><strong>hispan</strong></span> <span class='ocrx_word' id='word_1_360' title='bbox 377 4126 560 4209; x_wconf 66' lang='lat' dir='ltr'><strong>vorapium.</strong></span> <span class='ocrx_word' id='word_1_361' title='bbox 586 4127 750 4194; x_wconf 82' lang='lat' dir='ltr'><strong>Pausanias</strong></span> <span class='ocrx_word' id='word_1_362' title='bbox 771 4129 828 4194; x_wconf 97' lang='lat' dir='ltr'><strong>lV.</strong></span> <span class='ocrx_word' id='word_1_363' title='bbox 842 4149 875 4211; x_wconf 92' lang='lat'><strong>4.</strong></span> <span class='ocrx_word' id='word_1_364' title='bbox 896 4152 931 4218; x_wconf 81' lang='lat' dir='ltr'><strong>p.</strong></span> <span class='ocrx_word' id='word_1_365' title='bbox 946 4131 1029 4219; x_wconf 84' lang='lat'>289:</span> <span class='ocrx_word' id='word_1_366' title='bbox 1054 4132 1132 4220; x_wconf 72' lang='grc' dir='ltr'>κέρδη</span> <span class='ocrx_word' id='word_1_367' title='bbox 1150 4160 1181 4198; x_wconf 86' lang='grc' dir='ltr'><strong>τε</strong></span> 
     </span>
    </p>
   </div>
   <div class='ocr_carea' id='block_1_4' title="bbox 0 0 1350 4770">
    <p class='ocr_par' dir='ltr' id='par_1_7' title="bbox 0 0 1350 4770">
     <span class='ocr_line' id='line_1_39' title="bbox 0 0 1350 4770; baseline 0 2"><span class='ocrx_word' id='word_1_368' title='bbox 0 0 1350 4770; x_wconf 95' lang='lat' dir='ltr'><strong> </strong></span> 
     </span>
    </p>
   </div>
  </div>
 </body>
</html>
