2692 4770
317 328 468 388 sumen
483 327 999 404 SAPIENT.CONV1V.p.150.B.
1110 331 1170 400 9³7

152 486 183 550 in
200 486 338 554 Platonis
354 490 506 554 Convivio
528 492 656 557 sedebat
669 495 825 570 Socrates,
847 491 952 576 postea
970 486 1120 553 accubuit
1141 508 1176 573 p.

150 588 225 671 316.
240 590 284 670 D,
299 593 338 677 E.
376 592 484 656 Refert
499 592 677 657 Athenaeus
690 617 728 658 ex
745 590 951 678 Hegesandro
966 593 992 655 l.
1010 611 1044 676 p.
1060 590 1109 652 18.
1124 589 1151 652 A
1165 613 1175 651 ε

150 710 271 752 morem
288 690 375 755 fuisse
390 692 619 772 Macedonum,
636 707 673 756 ut
686 716 781 758 nemo
801 695 833 756 in
857 713 947 755 coena
962 691 1177 766 accumberet,

149 787 202 851 nisi
218 790 274 875 qui
288 813 399 877 aprum
414 807 503 859 extra
517 795 597 858 retia
613 794 836 859 interemisset:
861 791 948 877 quod
962 790 1017 877 qui
1032 789 1176 854 nondum

150 891 301 969 fecissent,
326 916 380 958 eos
403 894 545 959 sedentes
569 896 723 960 coenasle:
752 895 853 981 igitur
878 891 1094 970 Cassandrum,
1117 891 1177 955 tri·

150 994 240 1080 ginta
254 996 393 1083 quinque
410 1021 509 1063 annos
525 1013 649 1078 natum,
666 998 809 1062 nondum
825 1012 932 1061 tamen
948 1019 987 1061 eo
1005 992 1178 1060 certamIne

151 1095 350 1175 defunslum,
381 1098 466 1182 apud
494 1114 616 1183 patrem
641 1099 808 1164 sedentem
842 1096 986 1162 coenasIe.
1030 1095 1178 1161 Hernicis

150 1198 348 1282 temporibus
371 1198 552 1263 adfidebant
575 1198 616 1263 ad
637 1200 791 1277 mensam,
816 1198 921 1284 postea
942 1196 1071 1261 demum
1095 1195 1177 1260 cres·

150 1311 243 1361 cente
269 1298 394 1363 luxuria
418 1302 604 1365 accumbere
629 1312 816 1386 coeperunt:
841 1298 928 1384 quod
951 1297 1067 1382 partim
1092 1294 1178 1362 idem

152 1411 243 1462 notat
264 1399 441 1465 Athenaeus
464 1424 495 1488 p.
509 1418 559 1485 17.
575 1405 613 1466 E.
643 1401 733 1466 Philo
747 1402 823 1468 Jud.
839 1402 891 1465 De
904 1397 1043 1483 Josepho
1057 1420 1090 1484 p.
1099 1411 1177 1482 555.

152 1498 193 1562 C.
230 1501 302 1564 Fuit
323 1516 357 1565 et
377 1502 462 1588 apud
481 1506 641 1568 Romanos
655 1517 745 1569 vetus
767 1502 819 1568 hic
841 1525 912 1566 mos
927 1501 959 1565 in
975 1501 1178 1588 junioribusr

151 1596 192 1660 de
207 1620 271 1683 quo
287 1600 458 1665 Suetonius
474 1601 504 1665 in
522 1602 659 1666 Claudio
672 1621 735 1687 32:
758 1601 931 1666 Adhibebat
949 1599 1025 1666 enni
1044 1621 1134 1662 coena
1150 1609 1180 1663 et

152 1696 333 1784 siberosfiees
344 1724 405 1763 rum
417 1702 518 1788 pueris
531 1701 693 1789 puellisque
698 1701 864 1794 palilibus,
880 1702 931 1788 qui
944 1725 1020 1765 more
1033 1700 1126 1764 veteri
1137 1700 1184 1763 ad

140 1799 249 1885 fulcra
269 1801 405 1867 festorum
416 1804 551 1890 sedentes
571 1803 773 1889 vescerentur:
795 1804 851 1869 ubi
871 1802 910 1867 de
932 1802 994 1867 hoc
1013 1803 1071 1866 usu
1090 1825 1179 1889 quae·

154 1901 227 1965 darn
250 1905 413 1967 annotavit
432 1904 637 1969 Torrentius:
661 1903 747 1969 etad
762 1904 863 1969 Taciti
878 1902 997 1987 Annal.
1014 1902 1109 1965 XIII.
1127 1905 1178 1968 16.

152 2002 285 2088 Lipfius,
308 2006 400 2090 supra
420 2004 579 2071 laudatus.
621 2009 663 2070 Et
685 2029 758 2071 vero
781 1995 1007 2069 Feminarum
1027 2004 1104 2067 viris
1127 2029 1179 2070 cu·

150 2103 290 2169 bentibus
301 2109 435 2191 sedentes
449 2107 641 2188 renitebant,
664 2122 700 2172 ut
721 2106 767 2171 ait
784 2106 930 2172 Valerius
952 2106 1115 2171 Maximus
1134 2107 1180 2171 ll.

155 2225 184 2271 1.
199 2226 231 2273 2.
254 2207 306 2272 sed
328 2209 515 2295 antiquitus,
539 2232 611 2274 narn
635 2211 689 2275 suo
711 2223 855 2296 tempore
876 2231 997 2273 morem
1017 2207 1181 2274 exolevisse

153 2308 265 2373 tradit:
290 2309 329 2373 de
345 2332 408 2395 quo
424 2309 508 2374 idem
523 2311 645 2397 Lipsius
658 2311 698 2376 ad
711 2311 813 2376 Tacit.
829 2310 947 2375 Annal.
963 2311 1023 2374 Xl.
1042 2329 1070 2375 2.
1087 2332 1180 2397 egre·

151 2409 206 2495 gia
220 2408 335 2474 docet:
359 2410 411 2474 cui
430 2410 565 2476 addatur
579 2412 827 2476 Elmenhorstius
842 2410 883 2476 ad
902 2410 1054 2497 Appuleii
1068 2414 1178 2476 Mem·

153 2511 280 2596 morph.
299 2514 326 2575 Ι.
347 2529 393 2596 17.
417 2534 449 2598 p.
465 2531 518 2597 70.
541 2513 619 2578 edit.
643 2512 851 2599 Oudendorp.
889 2513 952 2577 Sed
974 2512 1036 2577 hoc
1057 2513 1180 2578 utalia

152 2612 185 2676 in
209 2614 424 2678 conviviorum
449 2614 513 2679 ritu
536 2637 555 2678 a
580 2614 700 2679 Graecis
721 2614 840 2679 fluxisse
862 2613 1005 2678 videtur:
1035 2626 1072 2678 ut
1094 2614 1182 2681 haud
1307 2630 1311 2647 '

154 2727 274 2779 temere
297 2715 427 2802 conjicit
447 2715 551 2780 Aldus
575 2715 744 2779 Manutius
767 2716 819 2778 De
841 2714 986 2800 Quaestis
1007 2715 1065 2778 Per
1084 2713 1181 2800 Epist.

155 2817 182 2880 I.
197 2835 229 2896 4.
248 2817 280 2880 in
302 2817 431 2881 Gruteri
447 2819 528 2881 Face
544 2816 625 2881 Crit.
641 2818 682 2880 T.
696 2818 753 2880 IV.
768 2840 801 2903 p.
817 2835 889 2901 199.
918 2814 1080 2878 Caeterum
1094 2815 1182 2903 quod

152 2919 198 2982 vis
211 2919 325 2984 doctus
340 2920 426 2982 hune
442 2918 601 2983 Plutarchi
615 2918 729 2992 librum
745 2938 804 3004 pro
819 2915 923 3003 spurio
933 2915 1068 2992 habens,
1083 2916 1179 3005 igno·

153 3022 308 3086 rationem
331 3022 452 3108 antiqui
476 3021 573 3086 moris
589 3021 706 3099 censet,
726 3021 875 3086 mulieres
889 3019 921 3084 in
937 3019 1115 3085 convivium
1130 3020 1180 3085 in·

154 3120 241 3201 duci,
265 3122 358 3187 sireile
381 3123 545 3187 refellitur.
588 3123 739 3202 Primum,
754 3144 818 3208 quo
840 3122 872 3185 in
895 3120 1004 3208 primis
1023 3121 1182 3202 nituntur,

153 3223 265 3309 Nepos
280 3223 312 3287 in
336 3225 523 3289 Praesatione
541 3224 584 3289 ait
602 3224 749 3288 mulieres
766 3224 799 3286 in
820 3222 941 3288 Graecia
961 3223 1099 3310 usquein
1114 3246 1182 3287 een·

153 3324 270 3387 civium
293 3325 428 3388 adbiberi
448 3325 505 3409 nist
520 3325 769 3412 propinquorum:
795 3337 881 3388 cette
903 3322 973 3387 herc
995 3322 1183 3408 propinqui-

154 3439 203 3487 tas
223 3424 263 3488 ad
286 3426 443 3491 Melisfam
466 3426 630 3511 pertinuit.
667 3424 730 3489 Sed
749 3424 883 3489 omnino
903 3446 968 3489 non
989 3422 1184 3489 abhorruisse

153 3523 216 3589 hoc
243 3548 263 3589 a
290 3528 477 3591 Graecorum
506 3526 657 3603 moribus,
685 3547 758 3589 cum
784 3523 913 3588 aliunde
940 3537 1083 3626 apparet,
1113 3534 1185 3590 tum

155 3626 275 3689 constat
290 3649 328 3690 ex
344 3627 515 3692 Plutarcho
530 3628 584 3713 qui
598 3626 743 3713 Sympos.
756 3627 833 3690 Vll.
849 3646 881 3711 p.
897 3642 970 3707 712.
986 3625 1023 3686 E.
1039 3638 1067 3686 et
1080 3647 1185 3688 uxores

146 3729 276 3812 subinde
291 3742 318 3791 et
332 3729 493 3815 impuberes
508 3740 591 3792 natos
604 3752 664 3791 una
678 3727 846 3813 accubuiffe,
863 3725 981 3790 scribit.
1009 3728 1051 3790 Et
1064 3726 1185 3791 Cassu-

155 3831 232 3894 boni
254 3844 339 3896 certe
366 3831 535 3895 austeritas
557 3827 666 3916 paucis
691 3828 792 3892 verbis
816 3827 986 3892 decernere
1010 3826 1115 3912 poflit,
1139 3826 1187 3893 ita
1281 3910 1285 3922 ι

158 3931 332 4010 scribentis,
354 3932 394 3995 ad
415 3932 610 3996 Athenaeum
635 3953 668 4017 p.
685 3930 768 4012 607:
781 3929 817 4012 ſs
835 3929 900 4016 quis
923 3927 1040 4015 objiciat
1059 3952 1094 3990 ex
1110 3928 1186 3992 Cor·

155 4033 231 4097 nesio
253 4033 374 4118 Nepote,
384 4032 532 4119 faeminas
553 4033 585 4094 sn
607 4030 745 4094 convivia
762 4052 838 4093 mure
860 4029 1033 4126 Graecorum
1054 4051 1114 4091 non
1134 4029 1188 4115 effe
1239 4120 1241 4123 Ι

155 4135 327 4216 adhibitam
351 4137 383 4198 in
400 4148 517 4222 promtu
528 4135 604 4221 sunt
630 4133 802 4196 Graecorum
812 4131 992 4219 scriptorum
1013 4127 1187 4218 testimonia,
1277 4207 1280 4215 ἱ

157 4261 227 4351 puae
241 4238 419 4305 contrariam
429 4237 588 4324 saepiffime
598 4235 721 4323 facturn
735 4245 878 4320 arguant.
