2692 4770
159 303 236 365 1066
349 305 444 366 D.W.
464 306 671 366 ANIMADV.
691 305 739 365 IN
759 306 985 366 PLUTARCHI

155 468 212 540 τοῖς
233 468 356 554 kaganos
375 469 575 551 ὕπομνῆμασιν,
584 466 669 547 ‘'Orr,
684 469 775 549 φησὶν,
792 468 901 551 μιθῦειν
913 470 1057 555 armiro
1071 464 1184 530 Φίλα·

155 590 216 644 τος,
231 569 303 629 τοῦτ’
318 566 411 651 ἔλεγε,
425 572 485 654 Χρὴ
499 568 599 649 vlnus,
613 567 795 657 'Arriamque
809 574 868 657 γὰρ
883 567 971 642 inesse
985 570 1025 640 i5r
1040 567 1139 647 νήφων.

202 683 273 752 179.
287 668 326 732 B.
348 667 416 752 anst]
443 668 529 734 Vino
547 668 692 734 deditum
715 670 883 755 perhibent
901 667 1061 746 Historici,
1083 665 1185 732 veluti

156 766 190 831 hi
214 790 295 854 qnos
320 783 477 835 memorat
500 770 678 836 Athenaeus
705 770 729 834 l.
744 770 768 834 l.
797 770 874 836 item
903 768 1091 835 Plutarchus
1112 769 1183 834 De·

155 870 268 934 mosth.
280 891 315 957 p.
326 870 400 956 853.
413 870 453 936 C.
477 871 587 938 Simile
600 871 677 937 huic
690 872 872 959 exemplum
886 870 1072 951 Alexandri,
1083 891 1182 957 quem

157 970 324 1035 Parmenio
336 984 411 1036 ante
426 994 568 1061 pugnam
592 972 633 1038 ad
648 973 799 1039 Arbelam
821 996 860 1038 ex
879 974 990 1038 somno
1008 970 1181 1036 excitavit:

155 1085 194 1135 ut
220 1087 348 1137 narrant
377 1072 564 1139 Plutarchus
586 1073 770 1139 Alexandro
797 1096 830 1162 p.
849 1075 924 1160 683.
944 1077 983 1139 E.
1019 1072 1183 1139 Diodorus

156 1170 221 1237 Sic.
244 1174 354 1238 XVII.
368 1176 423 1260 5⁶·
453 1174 585 1240 Curtius
609 1176 666 1241 lV.
685 1196 744 1261 13:
767 1191 801 1241 at
815 1176 964 1241 Arnanus
979 1176 1040 1238 111.
1059 1194 1109 1239 10.
1124 1172 1182 1237 ad-

155 1286 286 1338 ventum
303 1274 517 1340 Parmenionis
531 1275 572 1340 ad
585 1275 802 1341 Alexandrum
824 1277 974 1354 referens,
989 1274 1035 1339 nil
1056 1274 1097 1340 de
1118 1275 1182 1338 hu·

147 1371 204 1460 jus
222 1375 332 1440 somno
353 1374 444 1441 dicit.
488 1375 552 1441 Sed
572 1376 849 1464 apophthegmata
868 1374 998 1441 subinde
1020 1390 1183 1440 temeres

155 1474 370 1563 Scriptoribus
392 1477 440 1543 vel
461 1478 608 1558 conlisis,
631 1478 681 1544 vel
702 1478 744 1543 ab
764 1477 826 1543 alia
846 1477 878 1542 in
898 1476 992 1543 aliam
1015 1478 1180 1564 personam

153 1575 282 1657 collata,
298 1578 454 1643 novimus.

199 1692 273 1763 179.
288 1679 327 1745 Β.
350 1678 406 1743 κδ’.
419 1679 589 1766 solenh]
614 1677 805 1746 Notavimus
820 1699 854 1765 p.
865 1680 918 1763 67.
933 1681 968 1743 F.

199 1797 271 1864 179.
282 1780 322 1845 C.
343 1778 384 1844 λ’.
398 1779 476 1845 Ἐπεὶ
491 1782 518 1846 δὲ
532 1780 767 1869 διενεχθέπος-]
793 1779 983 1846 Notavimus
996 1799 1030 1865 p.
1044 1794 1098 1863 70.
1113 1779 1153 1843 B.

198 1896 270 1973 179.
287 1881 327 1946 C.
349 1881 408 1946 λα’.
432 1881 670 1969 [sputamen-J
697 1882 885 1949 Plutarchus
905 1881 938 1946 in
959 1880 1127 1947 Demetrio
1147 1901 1183 1967 p.

154 2003 229 2069 990.
245 1982 285 2063 C,
300 1984 345 2049 D.
367 1984 531 2071 aliquanto
552 1985 681 2051 uberius
703 2000 819 2065 narrat,
839 1983 925 2049 unde
943 1983 1006 2049 hoo
1025 1983 1059 2048 in
1077 1983 1181 2049 breni-

154 2096 254 2149 tatem
279 2084 456 2150 redaslum.
501 2086 660 2166 Stobaeus,
682 2086 811 2152 austere
833 2086 964 2164 Sereno,
987 2086 1083 2149 refert
1105 2106 1181 2149 mu·

153 2187 230 2253 tatis
254 2187 395 2273 personis
415 2189 481 2253 lit.
504 2189 601 2253 XIII.
625 2192 756 2275 p.146:
785 2187 959 2275 Ἀντιπάτρῳ
980 2190 1109 2274 ἀγροῖκος
1129 2184 1181 2249 ἄν·

152 2292 259 2375 &porat
282 2287 386 2352 babela
408 2287 516 2367 βιὸλῖον
537 2288 667 2375 ἔνωχΙαν
688 2288 764 2376 ἔχον·
787 2294 800 2352 l
824 2290 863 2368 li,
885 2292 930 2352 Ori
953 2288 1071 2372 χολάζω
1083 2310 1093 2365 3
1120 2286 1180 2368 sps.

154 2385 212 2467 Kal
229 2391 267 2471 μὴ
291 2388 436 2469 βασίλευε,
460 2388 529 2453 tlara
554 2393 659 2465 insitos.
695 2390 805 2477 Vulgo
831 2390 949 2476 legitur
973 2388 1005 2452 ln
1029 2386 1181 2452 omnibus

152 2488 346 2555 editionibus
360 2489 503 2576 εὐτυχίαν,
519 2490 605 2577 quod
620 2493 778 2557 Gesnerus
799 2491 884 2555 bona
898 2490 958 2554 fide
973 2488 1122 2567 reddidit,
1139 2487 1180 2551 Ii·

154 2590 239 2655 hrum
258 2594 294 2656 dc
302 2591 475 2679 salitante.-
498 2593 587 2679 atqui
609 2615 658 2657 res
681 2593 746 2679 ipsa
770 2591 888 2657 clamat
908 2589 1047 2676 ἐντυχίαν,
1070 2588 1180 2668 idest,

146 2693 323 2781 petitionem,
338 2695 527 2782 congrefflcm,
543 2693 724 2781 colloquium.

198 2812 269 2881 179.
286 2795 326 2859 C.
348 2798 650 2881 susannam]
677 2796 863 2862 Plutarchea
882 2794 996 2881 scripta
1017 2816 1092 2858 curn
1114 2816 1181 2857 cae-

151 2907 221 2962 tera
233 2911 304 2960 tum
317 2897 392 2962 Vrta
405 2897 591 2978 Alexandri,
606 2898 726 2962 habent
743 2897 831 2962 haud
846 2920 946 2983 pauca
967 2896 1063 2984 hujus
1084 2896 1181 2982 Apo·

152 2997 377 3084 phthegmata,
393 3020 465 3083 quae
487 3020 550 3062 non
567 2998 684 3061 suntin
701 2999 764 3062 hoc
778 2998 901 3084 capite:
924 3009 959 3061 et
975 2997 1102 3061 viciffim
1117 2996 1182 3061 hoc

152 3111 251 3184 caput
265 3096 411 3183 quaedam
426 3099 533 3177 habet,
549 3120 620 3184 quae
637 3120 696 3163 nec
715 3098 748 3162 in
770 3098 977 3178 Plutarcheis,
991 3118 1050 3162 neo
1064 3097 1097 3160 in
1111 3096 1183 3161 aliis

152 3200 309 3263 Veterum
331 3198 453 3283 scriptis
474 3198 635 3284 legantur,
651 3198 704 3263 led
724 3214 830 3264 tamen
844 3221 1029 3286 germanam
1054 3197 1180 3262 Plutar-

152 3302 243 3368 cheae
266 3299 417 3365 orationis
440 3300 576 3365 sormam
598 3300 774 3366 obtineant.
813 3303 859 3367 Ut
880 3302 1009 3366 luerunt
1031 3301 1182 3365 innume·

152 3402 266 3468 rabiles
285 3403 351 3468 fere
373 3402 539 3488 scriptores
560 3424 665 3467 rernm
681 3402 864 3479 Alexandri,
881 3403 926 3466 ita
944 3417 978 3467 et
996 3403 1182 3488 apophthe-

151 3516 263 3590 gmata
284 3501 352 3589 ejus
372 3502 484 3588 infigni
505 3500 709 3566 multitudine
731 3516 765 3566 et
785 3502 958 3566 diversitate
979 3503 1181 3567 serebantur:

150 3627 289 3692 quorum
313 3619 433 3690 partem
453 3605 611 3668 recensere
632 3604 791 3690 aggressus
814 3605 1012 3684 Plutarchus,
1036 3619 1073 3668 ut
1092 3604 1182 3669 vide-

151 3722 217 3786 tur,
243 3706 435 3785 adolescens,
461 3705 494 3769 in
517 3705 675 3770 rhetorica
699 3705 881 3770 laudatione
903 3708 952 3770 De
976 3709 1109 3771 Fortuna
1130 3708 1185 3771 vel

157 3810 277 3875 Virtute
290 3809 461 3873 Alexandri
480 3831 514 3896 p.
528 3828 603 3894 331.
619 3808 670 3872 Ar
693 3818 746 3872 τῶν
761 3810 787 3872 li
804 3815 939 3887 ἀληθινῶν
955 3809 1185 3893 ἀποφθεγμάτων

150 3912 319 3999 Ἀλιξᾶνδρυ
340 3920 452 3998 πρῶτον
472 3910 505 3975 ἄν
526 3937 567 3985 τις
586 3915 624 3974 va
646 3915 767 3975 παιδικὰ
792 3911 906 3991 διέλθοι,
929 3935 1031 3998 pauca
1052 3928 1182 3978 tantum

151 4013 305 4099 apponite
329 4027 363 4077 et
377 4011 550 4077 maturiore
567 4028 660 4076 aetate
675 4013 783 4078 Vitam
799 4013 972 4077 Alexandri
993 4014 1130 4078 scribens
1146 4014 1181 4079 in

151 4113 213 4178 hae
227 4111 334 4177 minus
349 4111 446 4176 etiam
461 4134 557 4198 quam
572 4111 604 4176 in
624 4110 693 4176 aliis
708 4112 792 4177 Vitis
811 4112 981 4177 narrationi
996 4113 1182 4198 apophthe-

150 4229 297 4303 gmaturn
311 4213 458 4279 indulsitr
482 4213 625 4300 quamvis
646 4212 679 4276 in
701 4213 770 4301 ejus
791 4214 946 4302 principio
961 4214 1125 4279 confilium
1141 4236 1185 4282 ac
