2692 4770
219 296 998 381 APOPHTH.REG.RTnUc.p.174.r-÷1ru.a.
1052 306 1130 375 10⁴9

99 454 166 532 riae
187 459 343 541 Βυζαντίων
362 462 449 550 δήμῳ·
472 466 523 543 Ml
542 464 675 544 sshairrlm
693 464 829 552 aepcudlec
849 468 932 548 truta
946 463 992 529 ἵνα
1007 465 1047 546 μὴ
1069 459 1133 546 lpol

98 559 174 627 lanu
196 560 323 649 ὑμέηςον
344 560 413 651 ὕδωρ
432 563 535 630 ulma.
581 568 632 632 lta
656 565 773 633 rebilus
794 565 895 631 codex
917 564 1052 651 scriptun
1072 583 1133 649 pro
1171 629 1173 632 .

99 660 231 748 vulgato
251 662 374 739 Ἀπίας.
411 668 453 731 Et
472 666 565 731 nostri
581 658 707 734 codices
723 667 815 732 Harl.
830 681 864 732 et
879 669 957 732 Iun.
972 664 1050 729 daut
1062 665 1132 729 'Ae-

98 761 185 836 τίαςε
210 764 286 828 item
304 767 465 832 Lucianun
486 768 527 833 de
548 769 724 835 Macrobiis
749 790 798 834 10.
814 770 853 834 T.
871 769 933 834 Ill.
956 788 989 854 p.
1006 785 1080 848 214.
1099 763 1134 831 itt

97 862 153 929 illa
166 886 242 929 cum
258 867 407 955 Philippo
420 886 531 957 pugna
545 872 637 957 supra
651 893 751 936 annos
765 870 940 956 nonaginta
953 865 1134 935 occubuiffc

99 964 248 1031 scribens.
287 969 383 1034 Ateus
405 985 514 1036 tamen
540 973 646 1037 editur
669 973 755 1059 apud
785 974 974 1038 Strabonem
994 972 1074 1037 VII.
1097 990 1132 1058 p.

97 1083 173 1150 472.
189 1069 213 1131 Β
226 1095 234 1133 :
257 1071 359 1146 Ἀτέας
373 1075 400 1136 li
414 1075 483 1137 luxti
497 1083 551 1139 τῶν
565 1075 692 1148 emim
707 1074 789 1162 ἇςξη
801 1083 855 1139 τῶν
874 1074 960 1160 ταύτῃ
974 1071 1133 1160 &pilum

98 1171 111 1230 l
136 1170 208 1255 πρὸς
233 1172 373 1236 Φίλιππον
399 1176 568 1256 πολεμήσας
592 1178 639 1241 τὸν
666 1176 803 1258 Ἀμύντε.
849 1175 1011 1240 Caeterum
1034 1173 1133 1238 iidem

99 1269 192 1333 Harl.
215 1287 248 1335 et
267 1275 344 1338 Jun.
368 1273 494 1362 plenius
515 1275 670 1343 exhibent
691 1276 778 1342 hunc
797 1276 905 1342 locum
927 1276 995 1362 post
1014 1284 1133 1339 nornen

97 1370 237 1434 ctum
257 1373 327 1440 haec
346 1375 501 1441 addentes
516 1402 525 1442 ε
547 1387 603 1442 τῶν
615 1378 644 1441 ll
658 1377 796 1457 εἰπόντων,
812 1374 852 1440 οὔ·
876 1374 922 1452 καὶ
934 1383 999 1450 σῶς
1012 1374 1133 1456 δύνοντα)

98 1473 175 1556 φησὶ,
190 1474 318 1557 πόλεμον
332 1473 445 1563 ἄραδον
459 1481 522 1541 κατ’
536 1482 601 1561 ipti.

143 1591 216 1657 174.
230 1577 264 1640 F.
279 1576 422 1658 Ἰσμηνίαν
438 1579 735 1667 ὃὶ-χρεμπίζονῖος]
760 1581 845 1645 Haec
859 1578 926 1644 fere
938 1575 1048 1643 iisdem
1063 1597 1134 1642 ver·

97 1674 147 1741 bis
170 1676 326 1763 leguntur
346 1681 399 1743 De
426 1683 560 1746 Fortun.
583 1695 617 1746 et
641 1681 725 1747 Virt.
750 1682 844 1748 Alex.
871 1682 922 1745 M.
946 1702 979 1767 p.
997 1698 1074 1764 334.
1094 1679 1134 1744 B.

98 1776 183 1843 Adv.
199 1780 328 1867 Epicur.
352 1803 385 1869 p.
405 1799 499 1868 1095.
516 1786 552 1850 F.
577 1785 630 1850 De
644 1784 778 1850 Ismenia
793 1783 878 1848 illiue
893 1781 996 1848 aetatie
1011 1781 1136 1867 optimo

98 1875 230 1942 tibicine
245 1878 379 1944 subinde
392 1881 515 1945 mentio
530 1882 566 1945 fit
580 1881 614 1946 in
627 1882 784 1946 Veterum
798 1880 886 1945 libris
902 1903 932 1944 v.
945 1903 976 1946 c.
1010 1880 1136 1944 Plutar-

98 1979 151 2045 chi
167 1984 254 2046 Mor.
270 2005 303 2070 p.
320 1986 395 2068 632.
413 1983 453 2048 C.
476 1984 622 2049 Demetr.
637 2005 670 2070 p.
685 1984 760 2069 889.
778 1985 816 2049 B.
846 1982 932 2048 Dion
946 1981 1060 2069 Chrys.
1075 1981 1134 2047 Or.

99 2085 221 2148 XLIX.
250 2107 283 2170 p.
303 2101 381 2171 539.
404 2086 448 2150 D.
488 2085 580 2150 Plinii
609 2088 654 2151 H.
678 2087 724 2149 N.
743 2084 918 2151 XXXVII.
936 2100 971 2169 5.
1011 2080 1133 2149 AElian.

98 2186 177 2250 Var.
193 2186 274 2251 Hist.
295 2188 352 2252 IV.
371 2189 421 2251 16.
438 2187 493 2251 ubi
506 2187 568 2251 alia
581 2186 680 2252 etiam
695 2185 897 2273 collegerunt
911 2183 1113 2270 interpretea.

135 2293 218 2370 ‘174.
236 2289 269 2350 F.
295 2287 561 2374 mnenon]
587 2289 739 2354 Sumtum
765 2309 805 2352 ex
832 2285 914 2351 libro
938 2285 991 2350 De
1012 2284 1134 2350 Garru-

99 2386 190 2453 litate
213 2410 246 2474 p.
265 2403 341 2472 511.
364 2389 404 2454 C.
428 2389 485 2453 ubi
508 2392 647 2474 Σκνλὲρος
668 2391 819 2453 ὀΣκυθῶν
840 2386 977 2466 βασιλνὺς
995 2384 1134 2455 diciturt

99 2493 183 2579 quali
198 2515 237 2556 ex
257 2492 338 2558 libro
352 2495 402 2557 De
416 2493 561 2556 Fraterno
574 2493 683 2556 Amore
702 2491 838 2578 petitum
859 2487 970 2552 retulit
989 2487 1137 2553 Stobaue

100 2592 250 2680 Florileg.
271 2593 338 2658 Tit.
363 2594 536 2658 LXXXII.
561 2613 595 2677 p.
614 2593 691 2675 476.
729 2589 824 2655 Plane
846 2611 895 2653 res
917 2588 961 2652 est
977 2601 1054 2672 apta
1072 2589 1134 2655 Fa-

97 2694 183 2759 bulae
199 2694 371 2780 AEsopicae,
394 2691 544 2759 convenit
569 2714 644 2757 cum
663 2690 719 2756 illo
741 2689 872 2777 Sertorii
890 2699 1076 2753 commento
1093 2688 1136 2754 de

98 2795 202 2860 cauda
216 2796 290 2882 equi
310 2795 476 2883 paullatim
493 2793 649 2872 vellenda,
664 2792 754 2880 quod
776 2790 966 2856 Plutarchus
979 2802 1136 2855 memorat

99 2894 132 2959 in
154 2896 223 2982 ejus
244 2898 320 2962 Vita
342 2920 374 2984 p.
389 2898 465 2982 576.
485 2898 538 2962 A:
570 2895 688 2960 Plinius
711 2892 808 2980 Epist.
831 2894 893 2956 III.
917 2913 949 2980 9.
973 2890 1092 2979 aliique
1116 2912 1138 2956 a

99 2999 241 3064 Gesnero
256 2999 300 3064 ibi
316 2998 418 3064 citati.

142 3120 175 3186 p.
195 3117 266 3186 175.
283 3102 327 3165 A.
350 3099 560 3166 ΓΕΛΩΝΟΣ.
575 3098 630 3185 α’.]
655 3095 865 3184 Exposuimuu
885 3094 927 3160 ad
946 3095 1015 3160 Ser.
1030 3093 1134 3159 Num.

99 3200 199 3267 Vind.
217 3222 248 3286 p.
260 3221 279 3286 5
281 3221 335 3286 52.
350 3204 394 3267 A.
1065 3202 1067 3207 ⁴

146 3318 218 3387 175.
233 3307 278 3367 A.
301 3302 356 3386 effi]
384 3302 528 3367 lbidemz
558 3322 596 3367 ac
618 3313 766 3366 tenemur
787 3297 907 3376 adhuc,
927 3296 960 3360 in
979 3293 1138 3361 hocloco

97 3404 328 3493 corrigendum
354 3406 458 3480 -τοὺς
486 3402 682 3492 falguerias,
709 3404 745 3477 ὥς
770 3402 814 3465 lrl
842 3398 982 3488 5poerulav,
1009 3400 1058 3477 τὴν
1081 3414 1135 3482 po·

98 3537 226 3575 Πᾶν-ι

146 3630 182 3695 17
185 3628 218 3695 5.
233 3612 278 3675 A.
301 3609 358 3698 γ’.]
392 3609 483 3674 Licet
505 3630 571 3672 non
596 3606 671 3673 alibi
694 3603 870 3692 proditum,
893 3600 1045 3689 congruit
1068 3598 1135 3666 cle-

101 3713 230 3777 mentiae
245 3727 279 3777 et
294 3710 487 3776 humanitati
502 3709 635 3775 Gelonis
649 3730 721 3795 quae
737 3705 836 3792 vulgo
848 3703 1038 3770 celebratur.
1060 3725 1090 3766 v.
1105 3721 1142 3768 c.-

102 3813 246 3878 Diodoro
262 3814 327 3879 Sic.
345 3815 405 3878 IX.
422 3831 475 3898 23,
488 3812 542 3898 38.

147 3930 219 3998 175.
235 3915 272 3978 Β.
296 3914 328 3978 δ’.
347 3918 397 3978 Ἐν
411 3915 438 3977 δὲ
452 3911 653 3998 συμποσίΗ
680 3907 885 3973 simillimum
900 3905 944 3995 est
956 3903 1136 3971 Themisto·

101 4015 160 4081 clio
182 4016 377 4102 exemplum,
393 4015 513 4103 dequo
529 4011 718 4080 Plutarchus
732 4010 765 4075 in
780 4008 848 4096 ejus
864 4007 941 4073 Vita
954 4028 989 4095 p.
1008 4019 1079 4072 11'2.
1093 4006 1136 4072 0.

103 4117 220 4182 Cicero
232 4119 325 4182 Tusc.
342 4119 369 4181 1.
386 4137 417 4185 2.
437 4129 473 4183 et
489 4117 544 4203 qui
559 4116 603 4184 ibi
617 4139 637 4180 a
651 4112 774 4180 Davifio
791 4110 944 4177 citantur.
977 4108 1145 4176 Gelonem·

101 4219 212 4303 ἄμεσον
225 4219 328 4301 fuiffe,
340 4219 553 4307 intelligimus
567 4240 607 4285 ex
619 4215 751 4284 AEliauo
765 4216 843 4284 Var.
856 4212 941 4281 Hist.
957 4212 1016 4281 IV.
1029 4225 1082 4299 15.
1137 4296 1155 4319 θ
