2692 4770
222 299 299 353 1042
409 292 449 353 D.
464 293 517 352 W.
535 293 745 354 ANIMADV.
766 294 814 354 IN
834 293 1066 356 rauranum

220 454 381 521 Caesarem
396 455 502 520 minus
523 455 620 521 etiam
634 478 819 543 germanam
841 456 1009 544 minusque
1030 453 1264 521 Plutarcheam

219 553 338 621 debere
352 556 486 621 censeri:
510 557 605 644 cujus
620 557 762 644 scriptor,
777 558 918 645 quisquis
932 557 987 623 illc
1002 556 1077 636 fuit,
1094 556 1264 621 Plutarchi

220 654 351 741 quidem
374 658 468 722 verba
489 674 522 722 et
544 659 659 745 stylum
679 659 751 725 satis
765 662 847 726 bene
861 660 1004 725 imitatus
1018 659 1074 739 est,
1090 658 1145 724 sed
1164 681 1185 724 a
1208 681 1262 723 m·

221 755 310 821 tione
330 769 364 822 et
386 757 515 844 ingenio
534 759 672 825 auctoris
693 760 789 848 plane
810 761 985 827 aberravit:
1008 782 1028 824 a
1049 782 1116 847 quo
1137 759 1172 824 in
1196 760 1256 825 hu·

215 855 358 947 jusmodi
373 860 555 947 scriptione,
575 863 680 928 nescio
694 862 771 951 quid
792 862 910 954 majus,
930 862 1081 949 amplius,
1096 861 1262 949 eleganti·

218 959 319 1048 usque
341 960 614 1048 exspcdtabamus.
655 966 703 1030 At
727 987 785 1030 nos
808 964 848 1030 de
871 964 933 1030 hac
949 964 1048 1030 etiam
1071 963 1260 1052 questione,

221 1062 314 1128 suum
329 1056 445 1151 cuique
454 1064 616 1153 judicium
629 1067 852 1154 relinquimus.

262 1187 296 1253 p.
309 1184 381 1249 172·
392 1167 431 1231 Β.
451 1167 649 1256 Ἀςῐαξίρξης]
673 1169 763 1234 ldem
778 1180 923 1234 narratur
937 1167 969 1232 ln
983 1168 1061 1234 Vita
1071 1167 1260 1234 Artaxerxi}

220 1285 254 1353 p.
273 1287 366 1353 1013.
383 1268 423 1348 B,
437 1268 478 1333 C.
514 1268 661 1334 AElianus
682 1270 759 1334 Var.
775 1270 857 1335 Hist.
874 1271 902 1333 l.
916 1288 971 1356 32.
992 1269 1025 1334 in
1039 1269 1157 1334 eodem
1172 1269 1260 1336 saon

217 1368 347 1454 copiam
372 1381 406 1433 et
430 1370 614 1434 suavitatem
638 1370 826 1436 narrationis
852 1370 1063 1436 confestatur.
1101 1372 1260 1438 Meminit

219 1484 255 1535 et
269 1472 406 1536 Taetaes
422 1470 561 1536 Chiliad.
578 1474 657 1537 XII.
672 1491 749 1558 432.

266 1587 339 1654 172.
352 1571 390 1634 Β.
407 1574 579 1659 Λυκοῦργος]
607 1574 645 1636 In
659 1573 728 1659 ejus
741 1571 819 1638 tuta
831 1594 864 1660 p.
872 1591 928 1658 52.
939 1575 984 1638 A.
1006 1571 1256 1660 Apophthegm.

219 1672 340 1736 Lacon.
361 1670 420 1736 καί.
443 1694 475 1759 p.
496 1675 571 1739 228.
593 1673 634 1738 C.
671 1675 855 1761 Fragment.
878 1673 1101 1739 Commentar.
1123 1671 1257 1738 Heliod.

215 1770 307 1861 Ἐργ.
328 1774 404 1863 3342
436 1774 600 1841 manifesto
632 1773 870 1856 Plutarcheum‚
899 1774 1004 1840 nescio
1029 1772 1197 1863 quomodo
1223 1774 1256 1840 in

221 1875 325 1940 nostra
345 1874 534 1942 colledione
552 1876 711 1942 omissum.
744 1877 820 1941 Huc
832 1875 973 1963 pertinet
987 1874 1128 1941 Platonis
1141 1875 1256 1941 admo·

220 1975 303 2042 nitio
325 1977 488 2042 Alcibiad.
511 1980 557 2043 ll.
581 2000 615 2065 p.
633 1997 689 2061 42,
703 1998 758 2064 43.
795 1978 959 2043 Ciceronis
980 1981 1061 2066 leg.
1085 1981 1132 2043 ΙΙ.
1152 1979 1184 2044 8.
1206 1998 1256 2044 10.

188 2150 192 2157 ,
220 2090 333 2144 notata
357 2091 392 2145 et
414 2080 533 2167 Cragio
557 2082 609 2145 De
630 2083 711 2166 Rep.
735 2079 862 2146 Iacaed.
887 2082 950 2144 111.
974 2103 1007 2167 p.
1028 2080 1258 2154 180.‚Eodem

220 2181 361 2268 pertinet
386 2181 476 2247 Plato
497 2180 605 2248 Alcib.
631 2183 678 2246 11.
703 2194 738 2247 et
761 2181 943 2247 Menander
970 2181 1048 2247 edit.
1073 2182 1192 2249 Cleric.
1221 2205 1256 2272 p.

221 2282 295 2351 268.
331 2331 335 2339 .

267 2400 340 2468 172.
353 2383 393 2449 C.
416 2387 454 2448 Et
469 2381 618 2472 πρόσφορον
633 2382 691 2470 ἕχει
704 2385 745 2470 τι]
772 2383 825 2449 Sic
839 2395 873 2448 et
891 2383 983 2449 Harl.
999 2384 1091 2473 cujus
1105 2401 1258 2473 excerpta

221 2485 290 2572 post
303 2484 427 2550 editum
442 2486 592 2549 Graecum
607 2498 794 2549 contextum
808 2485 1003 2571 accepimus.

266 2605 338 2672 172.
349 2588 394 2652 D.
416 2587 581 2672 Σειράμνης]
610 2587 764 2651 Perseum
779 2609 897 2652 nornen
912 2587 1052 2667 alterius,
1066 2583 1106 2652 ut
1116 2585 1256 2666 videtur,

218 2688 362 2753 hominis
384 2689 527 2771 Σισάμνης
546 2687 632 2774 apud
651 2688 855 2753 Herodotum
870 2691 912 2752 V.
929 2707 981 2773 25.
996 2691 1072 2754 Vll.
1089 2691 1143 2773 65.
1166 2688 1256 2754 Vols.

214 2790 277 2855 dat
296 2791 468 2873 Σέσαμνοςε
493 2791 586 2854 Harl.
609 2805 643 2854 et
660 2792 737 2856 Jun.
760 2791 884 2876 plenius
904 2788 921 2876 ᾗ
938 2789 985 2871 καὶ
1002 2791 1188 2874 Σασάμνηςό
1211 2798 1256 2855 Π.

221 2891 418 2978 Responsum
439 2915 458 2956 a
480 2892 686 2956 Pharnabazo
711 2891 865 2978 iphicrati
887 2905 992 2957 narrat
1010 2892 1174 2958 Diodorus
1190 2893 1256 2958 Sic.

220 2994 296 3057 XV.
311 3013 350 3073 41
367 3018 375 3056 :
400 2993 476 3075 ὁμὲν
489 2993 645 3079 Ἰφικράτης
660 2997 725 3078 ὀρῶν
744 2995 824 3056 αὐτὸν
846 2997 872 3055 ir
888 2993 939 3074 pir
958 2996 998 3078 τῷ
1017 2993 1108 3079 aspar
1121 2993 1187 3057 ὄντα
1202 2997 1256 3059 du·

220 3095 274 3173 νὸν,
298 3099 323 3157 ἐν
343 3095 369 3155 di
388 3098 444 3168 τοῖς
464 3092 657 3179 ωρατῖομὲνοις
675 3099 796 3179 νωχελῆ,
810 3094 958 3181 παῤῥησίᾳ
970 3097 1043 3181 πρὸς
1063 3097 1145 3158 αὐτὸν
1167 3096 1257 3183 im·

219 3219 292 3258 σατο
306 3194 394 3278 prim
411 3194 574 3276 θαυμάζων,
590 3201 653 3267 πῶς
669 3196 695 3254 ἐν
712 3194 762 3275 μὲν
779 3198 834 3268 τοῖς
855 3194 949 3277 λόγοις
963 3194 1017 3266 scir
1031 3195 1103 3273 ὀξὺς,
1118 3197 1145 3258 ἓν
1159 3196 1186 3257 δὲ
1200 3200 1257 3270 τοῖς

218 3296 310 3385 ἶργοις
328 3296 438 3383 βραδύς·
463 3297 521 3358 ὅδὲ
545 3292 726 3382 &aperiendos
750 3294 897 3379 ἀπεκρίθη,
920 3295 999 3360 Διὸτι
1020 3303 1074 3360 τῶν
1091 3298 1143 3379 μὲν
1164 3296 1256 3380 λόγων

219 3398 302 3473 αὐτός
316 3402 356 3471 ἔςι
372 3397 471 3484 κύριος,
485 3404 538 3459 τῶν
553 3399 574 3458 δ’
590 3395 677 3483 ἔργων
692 3400 705 3456 ὁ
720 3395 864 3474 βασιλεύς.

267 3517 340 3585 172.
357 3503 396 3564 Ε.
420 3504 565 3563 ustor.
589 3498 642 3584 a'.]
670 3497 826 3562 Eamdem
844 3496 1029 3584 opinionem
1043 3511 1076 3563 et
1091 3498 1146 3564 sua
1161 3512 1257 3566 aetate

220 3602 254 3668 in
278 3602 373 3668 Persrs
397 3601 498 3665 valere
517 3600 614 3664 tradit
636 3599 822 3664 Plutarchus
845 3601 936 3686 Reip.
953 3600 1107 3687 Praecept.
1131 3624 1164 3688 p.
1181 3605 1255 3667 821.

217 3706 260 3769 E.
284 3700 369 3765 unde
388 3701 458 3765 haec
477 3701 622 3765 desumta
636 3701 728 3763 suntr
751 3723 791 3765 eo
805 3699 911 3764 minus
925 3701 1026 3766 valere
1040 3700 1137 3765 debet
1158 3702 1255 3767 lectio

219 3807 352 3873 Jannot.
370 3804 488 3866 Venet.
509 3802 595 3866 Voss.
618 3801 674 3889 qui
694 3804 787 3866 verba
811 3800 857 3881 aa)
879 3802 1018 3876 καλλίςες
1041 3802 1255 3885 ὑπολαμὸἆνυσι

219 3905 388 3973 omittunt.

266 4026 337 4090 172.
349 4008 387 4070 E.
408 4005 463 4093 8.]
490 4005 686 4071 Socraticum
702 4005 825 4070 fontem
839 4004 972 4070 redolet.
1010 4004 1212 4093 Cyropaediae
1228 4007 1254 4069 l.

218 4112 253 4174 6.
270 4109 301 4172 8.
321 4129 371 4173 1ο.
393 4128 443 4171 11.
466 4106 676 4194 conjundtum
694 4107 738 4170 est
757 4122 984 4192 argumentum
1013 4107 1154 4172 Platonis
1174 4111 1256 4194 leg.

221 4214 249 4276 1.
271 4233 303 4296 p.
317 4226 395 4297 572.
411 4212 453 4276 G.
481 4210 543 4275 111.
563 4232 598 4297 p.
613 4225 689 4296 590.
706 4209 745 4274 E.
766 4210 846 4274 XII.
862 4232 896 4297 p.
912 4209 986 4275 686.
1000 4210 1044 4275 D.
