2692 4770
210 312 270 381 794
400 306 440 369 D.
451 308 503 367 W.
522 307 732 369 ANIMADV.
751 308 799 369 ΙΝ
819 307 1051 369 PLUTARCHI

89 514 92 519 -
210 467 405 552 adolescens,
418 493 483 537 non
498 471 561 538 fine
575 470 703 561 judicio
723 496 764 538 ex
784 471 888 560 poetic
909 484 942 539 et
963 467 1161 560 philosophis
1182 468 1243 533 hot

211 569 294 636 duos
316 571 440 660 selegit,
462 596 602 660 quorum
624 574 796 641 sententiaa
817 589 990 662 apponeret
997 598 1007 652 ;
1035 571 1188 659 siquidem
1210 570 1244 634 in

209 688 402 760 argumento
421 672 462 739 de
486 674 665 741 animomm
687 676 928 743 immortalitate
949 674 983 740 hi
1007 670 1245 759 frequentissimi

210 773 302 839 sunt:
330 774 484 840 Pindarus
497 792 664 863 poetarum
682 778 916 861 φιλοσοφώτατος,
933 777 1023 842 Plato
1036 773 1243 862 philosopho-

211 896 285 941 rum
298 875 530 953 σοιντοαίτατος.
567 878 627 944 Ille
646 878 834 944 felicitatem
851 880 1020 945 beatorum
1039 874 1245 963 prudentiore

207 976 469 1065 elegantioreque
483 979 606 1045 ratione
619 980 813 1062 informavit,
833 993 868 1047 ct
881 981 965 1068 quast
984 977 1132 1066 purgavit
1145 1000 1166 1041 α
1178 978 1244 1041 sor-

211 1079 317 1163 dibue,
337 1081 453 1167 quibus
477 1104 549 1147 eam
575 1083 779 1170 antiquiffimi
801 1098 907 1171 poetae
932 1083 974 1148 ad
999 1097 1130 1168 captum
1156 1079 1244 1144 rudis

208 1181 257 1248 -sui
277 1195 312 1247 et
329 1182 444 1248 inculti
463 1184 567 1249 saeculi
582 1186 784 1251 obleverunt:
808 1185 906 1251 veluti
920 1185 1062 1251 Musaeus
1077 1207 1097 1248 a
1112 1183 1243 1247 Platone

209 1283 416 1371 reprehensus
441 1287 521 1372 Rep.
545 1289 590 1351 ll.
614 1308 648 1372 p.
663 1306 739 1372 423.
755 1289 806 1353 G:
829 1291 962 1361 Μεσαῖος
984 1288 1011 1349 δὲ
1032 1286 1134 1350 τούτων
1155 1310 1243 1348 νεανι-

210 1388 319 1473 ttc‘mpa
331 1391 464 1471 τάγαθὰ,
479 1386 526 1465 καί
543 1393 556 1451 δ
577 1391 629 1463 uiis
647 1393 743 1468 αὐτοῦ,
757 1394 836 1476 παρὰ
850 1394 919 1453 θεῶν
933 1389 1035 1452 διδόασι
1050 1393 1105 1462 τοῖς
1119 1387 1242 1460 δικαίοις·

209 1491 246 1565 εἰς
259 1487 311 1576 ᾆδε
325 1493 384 1576 γὰρ
397 1489 553 1575 ἀγαγόντες
568 1496 609 1576 τῷ
622 1490 714 1578 λίγα,
729 1489 776 1566 καί
792 1491 1013 1568 καίααλίνανῐες,
1030 1491 1077 1553 καί
1093 1487 1245 1572 συμπόσιον

210 1599 265 1655 τῶν
280 1589 359 1654 ὁσίων
372 1592 646 1671 κατασκευάσαντες,
661 1591 862 1674 ἰςοφανωμίννς
876 1599 970 1656 rorice
984 1594 1030 1655 τὸν
1048 1589 1158 1654 ἅπαντα
1169 1589 1244 1678 xpi·

211 1718 253 1757 νον
265 1693 311 1770 ἢν]
326 1693 428 1778 διάγειν
441 1693 593 1776 ανδόονίας·
613 1696 781 1779 ἡγησάμενοι
796 1695 930 1766 ααίλλοςον
944 1699 1041 1781 οἰςετῆς
1054 1695 1144 1774 proh
1157 1693 1245 1774 μέθην

209 1794 326 1858 αἰοίνοον.
358 1794 456 1882 Quod
469 1795 595 1860 venuste
609 1796 642 1860 in
658 1795 787 1861 Luculli
800 1794 994 1860 senedlutem
1009 1796 1135 1862 confert
1152 1793 1243 1858 Plut-

209 1894 325 1963 archus
340 1895 372 1959 in
393 1895 470 1982 Ejus
484 1896 560 1960 Vre
573 1917 606 1982 p.
616 1915 693 1981 521.
710 1898 736 1960 E
749 1922 757 1961 r
780 1897 941 1979 πονούμενος
955 1895 1075 1982 εὐωχίας
1088 1893 1134 1973 καί
1146 1894 1243 1972 πίτυς,

208 1996 300 2084 ὅπερ
315 1998 441 2063 Πλάτων
454 1998 609 2062 ἰανσκοίαἰα
622 1999 684 2072 τοίς
703 1999 771 2083 ωορδ
792 1999 838 2062 τὸν
858 1996 965 2084 'Oppia
980 2001 1035 2072 τοῖς
1049 1996 1078 2063 εδ
1095 1995 1244 2076 βείοωκίσο

208 2101 368 2184 φάσκοντας
380 2104 532 2179 bredow
545 2100 630 2189 γε’ςας
645 2105 672 2164 ἰν
685 2099 737 2186 ᾆδε
749 2099 836 2182 μέθην
850 2100 965 2164 αἰώνιον.

255 2222 327 2269 120.
341 2204 387 2268 D.
409 2203 510 2284 τὰμὲν
529 2205 556 2266 ἰν
574 2207 614 2288 τῷ
631 2203 700 2289 eripi
714 2203 809 2288 ψυχῆς
824 2201 947 2286 διαλόγῳ
965 2204 1028 2264 κατ’
1043 2201 1111 2265 ἰδίαν
1124 2206 1244 2282 ὑπομνη-

210 2302 397 2388 ματισάμενός
411 2329 456 2367 σοι
469 2301 677 2390 supiiciter—J
703 2304 802 2369 Hunc
824 2301 983 2367 Plutarchi
1000 2302 1031 2366 in
1048 2302 1243 2368 Phaedonem

210 2407 453 2490 ὑπομνηματιομίν
469 2428 531 2470 non
551 2405 628 2470 alibi
648 2419 861 2473 memoratum
884 2403 1166 2490 deprehendimus,
1189 2405 1243 2469 nili

209 2511 293 2577 forte
307 2521 499 2595 argumenta
517 2506 673 2593 capitum,
690 2529 764 2594 quae
777 2500 810 2571 in
826 2505 1049 2594 Olympiodori
1065 2506 1244 2572 Commen-

209 2610 291 2676 tario
313 2611 388 2676 MS.
410 2608 520 2673 addita
539 2612 569 2671 ix
586 2614 641 2672 τῶν
662 2607 835 2694 Χαιρωνέως,
858 2630 878 2671 a
898 2607 990 2672 nobis
1011 2607 1099 2671 edita
1115 2608 1190 2673 sunt
1210 2608 1244 2674 ln

209 2712 411 2801 Fragmentia
425 2711 501 2776 vol.
513 2712 556 2774 V.
570 2712 666 2775 Tom.
683 2711 746 2774 111.
766 2712 870 2775 Num.
884 2710 963 2774 Vll.
980 2732 1018 2773 ex
1037 2707 1100 2774 hoc
1117 2709 1243 2775 Plutar-

208 2815 263 2881 chi
278 2814 520 2881 Commentario
535 2813 704 2899 depromta
718 2812 914 2877 censeantur.
950 2812 995 2875 Et
1009 2831 1083 2876 vero
1098 2814 1160 2874 κατ’
1177 2811 1245 2875 ἰδίαν

209 2917 373 3002 duplicem
388 2914 533 2980 admittit
547 2915 688 2978 sensum:
713 2914 865 2999 primum,
877 2913 1009 2999 seorsim,
1024 2912 1056 2975 id
1072 2913 1126 2992 est,
1139 2937 1197 2977 non
1213 2914 1246 2979 in

208 3020 260 3083 boc
281 3019 352 3106 ipso,
364 3015 498 3103 sedulio
514 3015 611 3079 libro:
634 3015 784 3095 alterum,
804 3015 962 3102 privatim,
978 3014 1009 3077 in
1024 3013 1100 3078 libro
1114 3015 1199 3078 urtice
1214 3015 1245 3079 in

208 3134 291 3186 tuum
312 3120 394 3206 usrrm
408 3120 533 3205 scripto,
559 3141 610 3180 nec
629 3116 798 3205 vulgando.
843 3118 940 3181 Nunc
959 3139 1032 3202 quae
1053 3116 1246 3185 verifiurilior

209 3222 246 3288 stt
268 3217 465 3308 fignificatio,
483 3240 547 3282 non
562 3217 616 3281 nifi
631 3215 787 3302 exemplis
800 3239 839 3280 ex
859 3216 926 3301 ipso
948 3215 1120 3280 Plutarcho
1135 3215 1245 3301 petitis

209 3321 377 3411 dijudicari
400 3319 502 3407 poflit.
546 3318 599 3382 Sic
612 3320 665 3384 De
679 3316 873 3382 Garrulitatc
887 3340 920 3404 p.
935 3336 1012 3402 5¹4·
1028 3317 1077 3382 C:
1101 3318 1204 3391 ἰδνςίον
1218 3319 1245 3383 δί

210 3425 256 3506 καί
268 3426 382 3512 γράφειν
395 3450 422 3488 rt
437 3421 488 3497 τοίς
502 3419 613 3495 rosires
628 3419 674 3497 καί
686 3419 856 3505 δναλίγαθαν
869 3422 932 3484 κατ’
950 3420 1027 3483 ἰδίαν·
1047 3419 1171 3507 garruli
1186 3421 1244 3483 ad·

196 3527 386 3617 suesaciendi
396 3528 474 3612 sunt
496 3547 553 3587 nort
575 3520 702 3586 aliorum
713 3524 862 3609 sermones
885 3523 1007 3609 nferre,
1019 3522 1079 3608 sed
1100 3523 1155 3609 ipst
1171 3537 1244 3609 pro·

143 3668 150 3675 ·
203 3627 285 3717 prior
307 3624 481 3712 conscribere
506 3648 541 3687 ac
562 3622 706 3708 diffitere.
744 3623 891 3709 Sympos.
906 3625 949 3688 V.
973 3645 1006 3708 p.
1021 3626 1060 3707 67
1063 3638 1096 3707 5.
1113 3626 1138 3686 F
1149 3648 1157 3686 z
1182 3624 1245 3686 κατ’

209 3728 278 3792 ἰδίαν
299 3734 339 3813 τῷ
359 3730 508 3791 Ποσειδῶνι
527 3723 592 3807 φαίη
614 3751 655 3800 τις
675 3723 708 3788 ἂν
722 3728 770 3803 τὴν
784 3725 870 3789 πίτυν
884 3727 1045 3813 προσήκειν·
1069 3725 1151 3788 dicat
1165 3726 1243 3812 quis,

207 3815 345 3919 Nepturm
366 3828 467 3912 pirrum
486 3828 603 3915 proprie
617 3827 780 3891 convenire.
807 3827 859 3890 De
874 3825 1017 3890 Vitando
1032 3829 1109 3891 AErc
1125 3827 1244 3892 Alieno

208 3955 241 4020 p.
257 3933 331 4016 829.
345 3930 369 3993 F
378 3953 386 3992 t
403 3929 466 3990 κατ’
484 3927 551 3991 ἰδίαν
566 3929 592 3989 δὲ
608 3924 678 4001 ίίτως
692 3927 810 4009 ἑκάτερα
824 3935 978 4007 σκοπῶμεν·
1003 3938 1161 4013 utrumque
1168 3925 1243 4014 spe·

206 4045 314 4103 &emus
324 4034 457 4122 seorsim,
468 4029 662 4118 fingulalim.
686 4030 776 4115 Reip.
794 4032 870 4094 Ger.
888 4032 1041 4116 Praecept.
1058 4053 1090 4116 p.
1104 4033 1178 4093 816.
1196 4031 1241 4094 C:

206 4145 312 4212 ἂναςαίς
326 4141 443 4223 irari?
462 4137 524 4198 κατ’
540 4134 608 4201 ἰδίαν
627 4131 754 4196 ἐκέλευσέ
767 4159 803 4213 με
817 4137 854 4214 μὴ
875 4132 1055 4217 λέγειν-δῖα
1069 4132 1241 4220 legendum

207 4242 333 4309 videtur
353 4240 464 4308 addito
483 4264 539 4323 pt:
563 4251 651 4328 pater
662 4240 794 4326 surgens
811 4236 932 4325 scorstm
954 4261 998 4301 otc
1018 4238 1183 4318 admonuit,
1206 4260 1242 4300 rte
