<?xml version="1.0" encoding="UTF-8"?>
<!DOCTYPE html PUBLIC "-//W3C//DTD XHTML 1.0 Transitional//EN"
    "http://www.w3.org/TR/xhtml1/DTD/xhtml1-transitional.dtd">
<html xmlns="http://www.w3.org/1999/xhtml" xml:lang="en" lang="en">
 <head>
  <title>
</title>
<meta http-equiv="Content-Type" content="text/html;charset=utf-8" />
  <meta name='ocr-system' content='tesseract 3.04.00' />
  <meta name='ocr-capabilities' content='ocr_page ocr_carea ocr_par ocr_line ocrx_word'/>
</head>
<body>
  <div class='ocr_page' id='page_1' title='image "./plutarchichaero01plutgoog_0550.png"; bbox 0 0 2692 4770; ppageno 0'>
   <div class='ocr_carea' id='block_1_1' title="bbox 275 259 1186 369">
    <p class='ocr_par' dir='ltr' id='par_1_1' title="bbox 275 259 1186 369">
     <span class='ocr_line' id='line_1_1' title="bbox 275 259 1186 369; baseline -0.004 -19"><span class='ocrx_word' id='word_1_1' title='bbox 275 259 1057 369; x_wconf 59' lang='lat' dir='ltr'>trorum.nuu.uruuc.p.1e⁵.r-ssrsc.t.</span> <span class='ocrx_word' id='word_1_2' title='bbox 1107 293 1186 360; x_wconf 77' lang='lat'><strong>1089</strong></span> 
     </span>
    </p>
   </div>
   <div class='ocr_carea' id='block_1_2' title="bbox 81 448 1184 2060">
    <p class='ocr_par' dir='ltr' id='par_1_2' title="bbox 156 448 1182 645">
     <span class='ocr_line' id='line_1_2' title="bbox 157 448 1182 542; baseline -0.003 -27"><span class='ocrx_word' id='word_1_3' title='bbox 157 451 340 538; x_wconf 66' lang='grc' dir='ltr'><strong><em>ἆποχρῶντοις</em></strong></span> <span class='ocrx_word' id='word_1_4' title='bbox 363 455 503 537; x_wconf 67' lang='grc' dir='ltr'>ἐκμαθὼν,</span> <span class='ocrx_word' id='word_1_5' title='bbox 526 457 693 542; x_wconf 67' lang='grc' dir='ltr'><strong><em>ἐνοπὶγχοινι</em></strong></span> <span class='ocrx_word' id='word_1_6' title='bbox 715 456 831 535; x_wconf 78' lang='grc' dir='ltr'>βασιλεῖ</span> <span class='ocrx_word' id='word_1_7' title='bbox 856 456 887 516; x_wconf 80' lang='grc' dir='ltr'>δι’</span> <span class='ocrx_word' id='word_1_8' title='bbox 909 458 1002 515; x_wconf 80' lang='grc' dir='ltr'><strong>αὑτοῦ.</strong></span> <span class='ocrx_word' id='word_1_9' title='bbox 1040 448 1182 516; x_wconf 83' lang='lat' dir='ltr'><strong>Omnino</strong></span> 
     </span>
     <span class='ocr_line' id='line_1_3' title="bbox 156 550 1178 645; baseline 0.003 -29"><span class='ocrx_word' id='word_1_10' title='bbox 156 550 270 631; x_wconf 71' lang='grc' dir='ltr'><strong><em>ἔντευξιν</em></strong></span> <span class='ocrx_word' id='word_1_11' title='bbox 285 558 418 641; x_wconf 86' lang='lat' dir='ltr'>praesens</span> <span class='ocrx_word' id='word_1_12' title='bbox 432 558 522 624; x_wconf 82' lang='lat' dir='ltr'>locus</span> <span class='ocrx_word' id='word_1_13' title='bbox 537 559 682 645; x_wconf 86' lang='lat' dir='ltr'>postulat,</span> <span class='ocrx_word' id='word_1_14' title='bbox 697 573 735 623; x_wconf 93' lang='lat' dir='ltr'>ut</span> <span class='ocrx_word' id='word_1_15' title='bbox 748 557 912 645; x_wconf 89' lang='lat' dir='ltr'>proprium</span> <span class='ocrx_word' id='word_1_16' title='bbox 927 569 960 620; x_wconf 91' lang='lat' dir='ltr'>et</span> <span class='ocrx_word' id='word_1_17' title='bbox 973 553 1135 618; x_wconf 80' lang='lat' dir='ltr'>ufitatum.</span> <span class='ocrx_word' id='word_1_18' title='bbox 1174 612 1178 619; x_wconf 82' lang='lat'><strong>.</strong></span> 
     </span>
    </p>

    <p class='ocr_par' dir='ltr' id='par_1_3' title="bbox 81 645 1184 2060">
     <span class='ocr_line' id='line_1_4' title="bbox 201 645 1180 746; baseline -0.001 -28"><span class='ocrx_word' id='word_1_19' title='bbox 201 657 274 740; x_wconf 86' lang='grc'><strong>185.</strong></span> <span class='ocrx_word' id='word_1_20' title='bbox 290 659 326 722; x_wconf 86' lang='lat' dir='ltr'>F.</span> <span class='ocrx_word' id='word_1_21' title='bbox 349 658 399 741; x_wconf 76' lang='grc' dir='ltr'><strong>ιζ’.</strong></span> <span class='ocrx_word' id='word_1_22' title='bbox 428 665 549 724; x_wconf 81' lang='grc' dir='ltr'><strong>Πολλῶν</strong></span> <span class='ocrx_word' id='word_1_23' title='bbox 570 662 597 723; x_wconf 79' lang='grc' dir='ltr'>δὲ</span> <span class='ocrx_word' id='word_1_24' title='bbox 619 662 773 746; x_wconf 42' lang='lat' dir='ltr'>improb]</span> <span class='ocrx_word' id='word_1_25' title='bbox 806 661 854 723; x_wconf 82' lang='lat' dir='ltr'>Ex</span> <span class='ocrx_word' id='word_1_26' title='bbox 875 645 1180 723; x_wconf 74' lang='lat' dir='ltr'>Vlta&#39;Themistocl.</span> 
     </span>
     <span class='ocr_line' id='line_1_5' title="bbox 154 754 1182 842; baseline -0.001 -24"><span class='ocrx_word' id='word_1_27' title='bbox 154 775 189 841; x_wconf 91' lang='lat' dir='ltr'>p.</span> <span class='ocrx_word' id='word_1_28' title='bbox 209 758 281 823; x_wconf 87' lang='grc'><strong>126.</strong></span> <span class='ocrx_word' id='word_1_29' title='bbox 298 760 334 824; x_wconf 87' lang='lat' dir='ltr'>F.</span> <span class='ocrx_word' id='word_1_30' title='bbox 368 762 542 825; x_wconf 82' lang='lat' dir='ltr'>Venustum</span> <span class='ocrx_word' id='word_1_31' title='bbox 559 761 702 840; x_wconf 81' lang='lat' dir='ltr'>effatum,</span> <span class='ocrx_word' id='word_1_32' title='bbox 717 760 758 825; x_wconf 84' lang='lat' dir='ltr'>ad</span> <span class='ocrx_word' id='word_1_33' title='bbox 773 754 948 824; x_wconf 84' lang='lat' dir='ltr'>multorum</span> <span class='ocrx_word' id='word_1_34' title='bbox 962 754 1182 842; x_wconf 81' lang='lat' dir='ltr'>cognitionem</span> 
     </span>
     <span class='ocr_line' id='line_1_6' title="bbox 154 857 1182 943; baseline 0.001 -23"><span class='ocrx_word' id='word_1_35' title='bbox 154 868 189 920; x_wconf 89' lang='lat' dir='ltr'>et</span> <span class='ocrx_word' id='word_1_36' title='bbox 209 860 367 943; x_wconf 85' lang='lat' dir='ltr'>proverbii</span> <span class='ocrx_word' id='word_1_37' title='bbox 387 862 450 926; x_wconf 88' lang='lat' dir='ltr'>vim</span> <span class='ocrx_word' id='word_1_38' title='bbox 469 863 676 928; x_wconf 86' lang='lat' dir='ltr'>celebratum.</span> <span class='ocrx_word' id='word_1_39' title='bbox 716 863 745 927; x_wconf 94' lang='lat' dir='ltr'><strong>A</strong></span> <span class='ocrx_word' id='word_1_40' title='bbox 767 862 937 927; x_wconf 79' lang='lat' dir='ltr'>Plutarcho</span> <span class='ocrx_word' id='word_1_41' title='bbox 958 860 1008 924; x_wconf 82' lang='lat' dir='ltr'>bis</span> <span class='ocrx_word' id='word_1_42' title='bbox 1029 857 1105 923; x_wconf 80' lang='lat' dir='ltr'>alibi</span> <span class='ocrx_word' id='word_1_43' title='bbox 1129 859 1182 922; x_wconf 85' lang='lat' dir='ltr'>De</span> 
     </span>
     <span class='ocr_line' id='line_1_7' title="bbox 155 958 1181 1049; baseline 0.002 -28"><span class='ocrx_word' id='word_1_44' title='bbox 155 958 243 1022; x_wconf 85' lang='lat' dir='ltr'><strong>Fort.</strong></span> <span class='ocrx_word' id='word_1_45' title='bbox 259 960 354 1025; x_wconf 88' lang='lat' dir='ltr'><strong>Alex.</strong></span> <span class='ocrx_word' id='word_1_46' title='bbox 374 986 406 1049; x_wconf 88' lang='lat' dir='ltr'>p.</span> <span class='ocrx_word' id='word_1_47' title='bbox 419 964 494 1048; x_wconf 91' lang='grc'><strong>328.</strong></span> <span class='ocrx_word' id='word_1_48' title='bbox 513 965 547 1027; x_wconf 85' lang='lat' dir='ltr'>F.</span> <span class='ocrx_word' id='word_1_49' title='bbox 584 966 636 1029; x_wconf 90' lang='lat' dir='ltr'>De</span> <span class='ocrx_word' id='word_1_50' title='bbox 657 963 741 1028; x_wconf 85' lang='lat' dir='ltr'><strong>Exil.</strong></span> <span class='ocrx_word' id='word_1_51' title='bbox 763 984 797 1049; x_wconf 90' lang='lat' dir='ltr'>p.</span> <span class='ocrx_word' id='word_1_52' title='bbox 812 966 886 1028; x_wconf 86' lang='lat'><strong>602.</strong></span> <span class='ocrx_word' id='word_1_53' title='bbox 901 964 944 1026; x_wconf 94' lang='lat' dir='ltr'>A.</span> <span class='ocrx_word' id='word_1_54' title='bbox 969 961 1104 1025; x_wconf 87' lang='lat' dir='ltr'>citatum</span> <span class='ocrx_word' id='word_1_55' title='bbox 1126 959 1181 1023; x_wconf 88' lang='lat' dir='ltr'>est.</span> 
     </span>
     <span class='ocr_line' id='line_1_8' title="bbox 155 1056 1181 1150; baseline 0.015 -27"><span class='ocrx_word' id='word_1_56' title='bbox 155 1056 307 1146; x_wconf 86' lang='lat' dir='ltr'>Polybius</span> <span class='ocrx_word' id='word_1_57' title='bbox 324 1064 475 1150; x_wconf 83' lang='lat' dir='ltr'>Excerpt.</span> <span class='ocrx_word' id='word_1_58' title='bbox 491 1067 542 1130; x_wconf 91' lang='lat' dir='ltr'>De</span> <span class='ocrx_word' id='word_1_59' title='bbox 555 1064 639 1130; x_wconf 91' lang='lat' dir='ltr'><strong>Virt.</strong></span> <span class='ocrx_word' id='word_1_60' title='bbox 653 1066 692 1130; x_wconf 86' lang='lat' dir='ltr'>T.</span> <span class='ocrx_word' id='word_1_61' title='bbox 709 1065 771 1128; x_wconf 93' lang='lat' dir='ltr'>lll.</span> <span class='ocrx_word' id='word_1_62' title='bbox 794 1086 826 1150; x_wconf 92' lang='lat' dir='ltr'>p.</span> <span class='ocrx_word' id='word_1_63' title='bbox 846 1083 917 1146; x_wconf 86' lang='grc'><strong>144.</strong></span> <span class='ocrx_word' id='word_1_64' title='bbox 938 1061 1055 1136; x_wconf 76' lang='grc' dir='ltr'><strong><em>ἅπαντες</em></strong></span> <span class='ocrx_word' id='word_1_65' title='bbox 1072 1062 1098 1123; x_wconf 64' lang='lat' dir='ltr'>li</span> <span class='ocrx_word' id='word_1_66' title='bbox 1118 1059 1181 1123; x_wconf 56' lang='lat'>⁷51¹</span> 
     </span>
     <span class='ocr_line' id='line_1_9' title="bbox 152 1161 1181 1251; baseline 0.002 -29"><span class='ocrx_word' id='word_1_67' title='bbox 152 1161 201 1235; x_wconf 75' lang='grc' dir='ltr'>τὴν</span> <span class='ocrx_word' id='word_1_68' title='bbox 222 1163 379 1249; x_wconf 71' lang='grc' dir='ltr'><strong><em>παροιμίαν</em></strong></span> <span class='ocrx_word' id='word_1_69' title='bbox 399 1166 501 1244; x_wconf 76' lang='grc' dir='ltr'><strong><em>ταύτην</em></strong></span> <span class='ocrx_word' id='word_1_70' title='bbox 520 1169 563 1230; x_wconf 72' lang='grc' dir='ltr'>διὰ</span> <span class='ocrx_word' id='word_1_71' title='bbox 577 1166 696 1248; x_wconf 76' lang='grc' dir='ltr'><strong><em>ςᾶματος</em></strong></span> <span class='ocrx_word' id='word_1_72' title='bbox 713 1164 799 1251; x_wconf 69' lang='grc' dir='ltr'><strong><em>εἶχον,</em></strong></span> <span class='ocrx_word' id='word_1_73' title='bbox 818 1167 852 1239; x_wconf 75' lang='grc' dir='ltr'>ὥς</span> <span class='ocrx_word' id='word_1_74' title='bbox 875 1168 952 1245; x_wconf 78' lang='grc' dir='ltr'>εἰμὴ</span> <span class='ocrx_word' id='word_1_75' title='bbox 971 1161 1083 1248; x_wconf 76' lang='grc' dir='ltr'><strong><em>ταχέως</em></strong></span> <span class='ocrx_word' id='word_1_76' title='bbox 1097 1166 1181 1227; x_wconf 66' lang='grc' dir='ltr'>4οἰτοο-</span> 
     </span>
     <span class='ocr_line' id='line_1_10' title="bbox 152 1260 1181 1354; baseline 0.002 -29"><span class='ocrx_word' id='word_1_77' title='bbox 152 1260 275 1354; x_wconf 47' lang='grc' dir='ltr'>ᾤμεθα,</span> <span class='ocrx_word' id='word_1_78' title='bbox 292 1269 340 1328; x_wconf 79' lang='grc' dir='ltr'>οὐκ</span> <span class='ocrx_word' id='word_1_79' title='bbox 359 1265 392 1329; x_wconf 79' lang='lat' dir='ltr'>oh</span> <span class='ocrx_word' id='word_1_80' title='bbox 410 1268 561 1351; x_wconf 73' lang='grc' dir='ltr'>ἐσώθημεν·</span> <span class='ocrx_word' id='word_1_81' title='bbox 586 1268 625 1332; x_wconf 88' lang='lat' dir='ltr'>ad</span> <span class='ocrx_word' id='word_1_82' title='bbox 647 1289 741 1354; x_wconf 90' lang='lat' dir='ltr'>quem</span> <span class='ocrx_word' id='word_1_83' title='bbox 765 1266 873 1331; x_wconf 90' lang='lat' dir='ltr'>locum</span> <span class='ocrx_word' id='word_1_84' title='bbox 895 1265 1035 1343; x_wconf 75' lang='lat' dir='ltr'>Valesius</span> <span class='ocrx_word' id='word_1_85' title='bbox 1057 1285 1090 1350; x_wconf 89' lang='lat' dir='ltr'>p.</span> <span class='ocrx_word' id='word_1_86' title='bbox 1108 1282 1181 1348; x_wconf 87' lang='lat'><strong>192.</strong></span> 
     </span>
     <span class='ocr_line' id='line_1_11' title="bbox 152 1362 1181 1451; baseline 0.004 -27"><span class='ocrx_word' id='word_1_87' title='bbox 152 1362 316 1429; x_wconf 69' lang='lat' dir='ltr'>authorem</span> <span class='ocrx_word' id='word_1_88' title='bbox 331 1365 573 1432; x_wconf 87' lang='lat' dir='ltr'>Themistoclem</span> <span class='ocrx_word' id='word_1_89' title='bbox 589 1369 678 1433; x_wconf 87' lang='lat' dir='ltr'>citat.</span> <span class='ocrx_word' id='word_1_90' title='bbox 711 1367 807 1431; x_wconf 78' lang='lat' dir='ltr'>&#39;Peles</span> <span class='ocrx_word' id='word_1_91' title='bbox 822 1368 874 1432; x_wconf 92' lang='lat' dir='ltr'>De</span> <span class='ocrx_word' id='word_1_92' title='bbox 887 1365 990 1430; x_wconf 87' lang='lat' dir='ltr'>Exilio</span> <span class='ocrx_word' id='word_1_93' title='bbox 1003 1365 1090 1451; x_wconf 82' lang='lat' dir='ltr'>apud</span> <span class='ocrx_word' id='word_1_94' title='bbox 1105 1366 1181 1429; x_wconf 91' lang='lat' dir='ltr'>Sto·</span> 
     </span>
     <span class='ocr_line' id='line_1_12' title="bbox 154 1458 1181 1556; baseline 0 -28"><span class='ocrx_word' id='word_1_95' title='bbox 154 1463 260 1530; x_wconf 85' lang='lat' dir='ltr'>baeum</span> <span class='ocrx_word' id='word_1_96' title='bbox 284 1467 390 1532; x_wconf 84' lang='lat' dir='ltr'>Floril.</span> <span class='ocrx_word' id='word_1_97' title='bbox 409 1469 474 1534; x_wconf 89' lang='lat' dir='ltr'><strong>Tit.</strong></span> <span class='ocrx_word' id='word_1_98' title='bbox 495 1458 690 1556; x_wconf 77' lang='lat' dir='ltr'><strong>XXXVIII.</strong></span> <span class='ocrx_word' id='word_1_99' title='bbox 713 1491 745 1556; x_wconf 91' lang='lat' dir='ltr'>p.</span> <span class='ocrx_word' id='word_1_100' title='bbox 767 1488 849 1552; x_wconf 82' lang='lat'>231:</span> <span class='ocrx_word' id='word_1_101' title='bbox 877 1471 1054 1550; x_wconf 75' lang='grc' dir='ltr'><strong><em>Θεμιςοαλῆς</em></strong></span> <span class='ocrx_word' id='word_1_102' title='bbox 1076 1471 1181 1544; x_wconf 77' lang='grc' dir='ltr'><strong><em>ἐκεῖνος,</em></strong></span> 
     </span>
     <span class='ocr_line' id='line_1_13' title="bbox 152 1556 1184 1652; baseline 0.003 -26"><span class='ocrx_word' id='word_1_103' title='bbox 152 1556 259 1646; x_wconf 68' lang='lat' dir='ltr'>citrei,</span> <span class='ocrx_word' id='word_1_104' title='bbox 281 1570 370 1648; x_wconf 70' lang='grc' dir='ltr'>φησὶν,</span> <span class='ocrx_word' id='word_1_105' title='bbox 392 1571 575 1651; x_wconf 77' lang='grc' dir='ltr'>ἀπωλόμεθα,</span> <span class='ocrx_word' id='word_1_106' title='bbox 597 1575 620 1634; x_wconf 82' lang='grc' dir='ltr'>εἶ</span> <span class='ocrx_word' id='word_1_107' title='bbox 642 1575 681 1652; x_wconf 76' lang='grc' dir='ltr'>μὴ</span> <span class='ocrx_word' id='word_1_108' title='bbox 704 1570 887 1650; x_wconf 73' lang='grc' dir='ltr'>ἀπωλόμεθα·</span> <span class='ocrx_word' id='word_1_109' title='bbox 910 1567 965 1631; x_wconf 86' lang='lat' dir='ltr'>ubi</span> <span class='ocrx_word' id='word_1_110' title='bbox 987 1567 1047 1631; x_wconf 86' lang='lat' dir='ltr'>tria</span> <span class='ocrx_word' id='word_1_111' title='bbox 1068 1565 1184 1630; x_wconf 79' lang='lat' dir='ltr'>ultima</span> 
     </span>
     <span class='ocr_line' id='line_1_14' title="bbox 154 1667 1181 1737; baseline 0.003 -9"><span class='ocrx_word' id='word_1_112' title='bbox 154 1667 250 1732; x_wconf 87' lang='lat' dir='ltr'>verba</span> <span class='ocrx_word' id='word_1_113' title='bbox 268 1667 300 1732; x_wconf 93' lang='lat' dir='ltr'>in</span> <span class='ocrx_word' id='word_1_114' title='bbox 324 1669 418 1736; x_wconf 86' lang='lat' dir='ltr'>editis</span> <span class='ocrx_word' id='word_1_115' title='bbox 442 1670 531 1735; x_wconf 86' lang='lat' dir='ltr'>libris</span> <span class='ocrx_word' id='word_1_116' title='bbox 547 1671 719 1737; x_wconf 79' lang='lat' dir='ltr'>desiderata</span> <span class='ocrx_word' id='word_1_117' title='bbox 741 1670 871 1736; x_wconf 81' lang='lat' dir='ltr'>exhibet</span> <span class='ocrx_word' id='word_1_118' title='bbox 896 1668 997 1734; x_wconf 87' lang='lat' dir='ltr'>codex</span> <span class='ocrx_word' id='word_1_119' title='bbox 1020 1667 1181 1733; x_wconf 89' lang='lat' dir='ltr'><strong>Paris.·A.</strong></span> 
     </span>
     <span class='ocr_line' id='line_1_15' title="bbox 154 1767 1184 1856; baseline 0.002 -26"><span class='ocrx_word' id='word_1_120' title='bbox 154 1767 305 1833; x_wconf 84' lang='lat' dir='ltr'>Aristides</span> <span class='ocrx_word' id='word_1_121' title='bbox 319 1772 358 1835; x_wconf 90' lang='lat' dir='ltr'>T.</span> <span class='ocrx_word' id='word_1_122' title='bbox 375 1772 401 1834; x_wconf 90' lang='grc' dir='ltr'>Ι.</span> <span class='ocrx_word' id='word_1_123' title='bbox 423 1793 456 1856; x_wconf 80' lang='lat' dir='ltr'>p.</span> <span class='ocrx_word' id='word_1_124' title='bbox 474 1774 534 1856; x_wconf 86' lang='grc'>265</span> <span class='ocrx_word' id='word_1_125' title='bbox 547 1798 555 1836; x_wconf 87' lang='lat'><strong>:</strong></span> <span class='ocrx_word' id='word_1_126' title='bbox 579 1779 621 1836; x_wconf 84' lang='grc' dir='ltr'>νῦν</span> <span class='ocrx_word' id='word_1_127' title='bbox 633 1773 660 1835; x_wconf 75' lang='grc' dir='ltr'>δὲ</span> <span class='ocrx_word' id='word_1_128' title='bbox 677 1773 770 1835; x_wconf 80' lang='grc' dir='ltr'><strong><em>τὸτοῦ</em></strong></span> <span class='ocrx_word' id='word_1_129' title='bbox 785 1769 978 1853; x_wconf 74' lang='grc' dir='ltr'><strong><em>Θεμιςοαλέος</em></strong></span> <span class='ocrx_word' id='word_1_130' title='bbox 993 1768 1077 1846; x_wconf 76' lang='grc' dir='ltr'><strong><em>ἷξεςιν</em></strong></span> <span class='ocrx_word' id='word_1_131' title='bbox 1091 1771 1184 1848; x_wconf 72' lang='grc' dir='ltr'>εἰπεῖν,</span> 
     </span>
     <span class='ocr_line' id='line_1_16' title="bbox 154 1871 1184 1958; baseline 0.003 -28"><span class='ocrx_word' id='word_1_132' title='bbox 154 1873 177 1931; x_wconf 77' lang='grc' dir='ltr'>εἰ</span> <span class='ocrx_word' id='word_1_133' title='bbox 192 1871 220 1946; x_wconf 76' lang='grc' dir='ltr'>δὴ</span> <span class='ocrx_word' id='word_1_134' title='bbox 234 1871 316 1933; x_wconf 79' lang='grc' dir='ltr'><strong><em>τοῦτο’</em></strong></span> <span class='ocrx_word' id='word_1_135' title='bbox 327 1898 362 1955; x_wconf 81' lang='grc' dir='ltr'>γε</span> <span class='ocrx_word' id='word_1_136' title='bbox 379 1873 517 1945; x_wconf 65' lang='lat' dir='ltr'>ins-turice</span> <span class='ocrx_word' id='word_1_137' title='bbox 532 1875 594 1936; x_wconf 81' lang='grc' dir='ltr'>κατ’</span> <span class='ocrx_word' id='word_1_138' title='bbox 610 1873 710 1951; x_wconf 72' lang='grc' dir='ltr'>ἐκείνοι,</span> <span class='ocrx_word' id='word_1_139' title='bbox 730 1875 764 1948; x_wconf 75' lang='grc' dir='ltr'>οὖς</span> <span class='ocrx_word' id='word_1_140' title='bbox 779 1874 820 1936; x_wconf 69' lang='lat' dir='ltr'>’erl</span> <span class='ocrx_word' id='word_1_141' title='bbox 836 1877 896 1947; x_wconf 82' lang='grc' dir='ltr'><strong><em>ταῖς</em></strong></span> <span class='ocrx_word' id='word_1_142' title='bbox 910 1874 1019 1958; x_wconf 73' lang='grc' dir='ltr'><strong><em>δωρεαῖς</em></strong></span> <span class='ocrx_word' id='word_1_143' title='bbox 1030 1875 1092 1944; x_wconf 80' lang='grc' dir='ltr'><strong><em>ταῖς</em></strong></span> <span class='ocrx_word' id='word_1_144' title='bbox 1105 1875 1184 1958; x_wconf 63' lang='grc' dir='ltr'>παρὰ</span> 
     </span>
     <span class='ocr_line' id='line_1_17' title="bbox 81 1971 1182 2060; baseline 0 -25"><span class='ocrx_word' id='word_1_145' title='bbox 81 2037 84 2043; x_wconf 78' lang='grc'><strong>,</strong></span> <span class='ocrx_word' id='word_1_146' title='bbox 154 1979 202 2035; x_wconf 85' lang='grc' dir='ltr'>τοῦ</span> <span class='ocrx_word' id='word_1_147' title='bbox 224 1972 324 2057; x_wconf 71' lang='grc' dir='ltr'>Πέρσα</span> <span class='ocrx_word' id='word_1_148' title='bbox 346 1972 501 2057; x_wconf 70' lang='grc' dir='ltr'><strong><em>γονομίναις</em></strong></span> <span class='ocrx_word' id='word_1_149' title='bbox 521 1977 596 2060; x_wconf 73' lang='grc' dir='ltr'><strong><em>αὐτῷ</em></strong></span> <span class='ocrx_word' id='word_1_150' title='bbox 612 1971 769 2059; x_wconf 69' lang='grc' dir='ltr'>φθέγξαιτό</span> <span class='ocrx_word' id='word_1_151' title='bbox 779 2000 807 2038; x_wconf 86' lang='grc' dir='ltr'>τι</span> <span class='ocrx_word' id='word_1_152' title='bbox 825 1981 942 2038; x_wconf 73' lang='grc' dir='ltr'><strong><em>τοιοῦτον</em></strong></span> <span class='ocrx_word' id='word_1_153' title='bbox 955 1975 1028 2057; x_wconf 68' lang='grc' dir='ltr'>προς</span> <span class='ocrx_word' id='word_1_154' title='bbox 1041 1971 1091 2047; x_wconf 68' lang='grc' dir='ltr'>οὒς</span> <span class='ocrx_word' id='word_1_155' title='bbox 1104 1976 1182 2035; x_wconf 75' lang='grc' dir='ltr'><strong><em>σαῖ-</em></strong></span> 
     </span>
    </p>
   </div>
   <div class='ocr_carea' id='block_1_3' title="bbox 154 2071 1293 2160">
    <p class='ocr_par' dir='ltr' id='par_1_4' title="bbox 154 2071 1293 2160">
     <span class='ocr_line' id='line_1_18' title="bbox 154 2071 1293 2160; baseline 0.006 -26"><span class='ocrx_word' id='word_1_156' title='bbox 154 2073 214 2148; x_wconf 81' lang='grc' dir='ltr'><strong><em>δας,</em></strong></span> <span class='ocrx_word' id='word_1_157' title='bbox 230 2071 270 2136; x_wconf 72' lang='grc' dir='ltr'>ὅτι</span> <span class='ocrx_word' id='word_1_158' title='bbox 286 2081 328 2136; x_wconf 84' lang='grc' dir='ltr'>νῦν</span> <span class='ocrx_word' id='word_1_159' title='bbox 347 2072 404 2160; x_wconf 68' lang='lat' dir='ltr'>aiga</span> <span class='ocrx_word' id='word_1_160' title='bbox 421 2075 565 2152; x_wconf 73' lang='grc' dir='ltr'>ἐσώθησαν</span> <span class='ocrx_word' id='word_1_161' title='bbox 578 2073 658 2152; x_wconf 65' lang='grc' dir='ltr'><strong><em>ἡνίκα</em></strong></span> <span class='ocrx_word' id='word_1_162' title='bbox 670 2074 864 2143; x_wconf 73' lang='grc' dir='ltr'>ἀπολώλεσαν.</span> <span class='ocrx_word' id='word_1_163' title='bbox 899 2073 1013 2140; x_wconf 77' lang='lat' dir='ltr'>suidas</span> <span class='ocrx_word' id='word_1_164' title='bbox 1027 2075 1067 2137; x_wconf 83' lang='lat' dir='ltr'>T.</span> <span class='ocrx_word' id='word_1_165' title='bbox 1082 2074 1127 2137; x_wconf 92' lang='lat' dir='ltr'><strong>Il.</strong></span> <span class='ocrx_word' id='word_1_166' title='bbox 1148 2094 1184 2159; x_wconf 85' lang='lat' dir='ltr'>p.</span> <span class='ocrx_word' id='word_1_167' title='bbox 1287 2130 1293 2141; x_wconf 92' lang='lat'>.</span> 
     </span>
    </p>
   </div>
   <div class='ocr_carea' id='block_1_4' title="bbox 76 2173 1273 3987">
    <p class='ocr_par' dir='ltr' id='par_1_5' title="bbox 153 2173 1273 3077">
     <span class='ocr_line' id='line_1_19' title="bbox 155 2173 1183 2262; baseline 0 -24"><span class='ocrx_word' id='word_1_168' title='bbox 155 2174 209 2238; x_wconf 86' lang='lat'>26.</span> <span class='ocrx_word' id='word_1_169' title='bbox 232 2194 271 2237; x_wconf 84' lang='lat' dir='ltr'>ex</span> <span class='ocrx_word' id='word_1_170' title='bbox 294 2174 425 2261; x_wconf 89' lang='lat' dir='ltr'>Polybio</span> <span class='ocrx_word' id='word_1_171' title='bbox 446 2174 599 2262; x_wconf 85' lang='lat' dir='ltr'>apponit:</span> <span class='ocrx_word' id='word_1_172' title='bbox 626 2174 764 2262; x_wconf 83' lang='lat' dir='ltr'>indeque</span> <span class='ocrx_word' id='word_1_173' title='bbox 784 2175 940 2239; x_wconf 81' lang='lat' dir='ltr'>Schottus</span> <span class='ocrx_word' id='word_1_174' title='bbox 961 2174 1105 2239; x_wconf 86' lang='lat' dir='ltr'>Proverb.</span> <span class='ocrx_word' id='word_1_175' title='bbox 1121 2173 1183 2238; x_wconf 92' lang='lat' dir='ltr'><strong>Vl.</strong></span> 
     </span>
     <span class='ocr_line' id='line_1_20' title="bbox 153 2274 1182 2363; baseline 0.001 -25"><span class='ocrx_word' id='word_1_176' title='bbox 153 2293 187 2359; x_wconf 84' lang='lat'>3.</span> <span class='ocrx_word' id='word_1_177' title='bbox 225 2274 354 2340; x_wconf 86' lang='lat' dir='ltr'>Plautus</span> <span class='ocrx_word' id='word_1_178' title='bbox 374 2277 541 2363; x_wconf 81' lang='lat' dir='ltr'><strong>aliquoties</strong></span> <span class='ocrx_word' id='word_1_179' title='bbox 559 2278 703 2342; x_wconf 83' lang='lat' dir='ltr'>imitatus</span> <span class='ocrx_word' id='word_1_180' title='bbox 722 2278 781 2342; x_wconf 82' lang='lat' dir='ltr'>etl:</span> <span class='ocrx_word' id='word_1_181' title='bbox 804 2275 1001 2342; x_wconf 86' lang='lat' dir='ltr'>Truculento</span> <span class='ocrx_word' id='word_1_182' title='bbox 1016 2276 1075 2343; x_wconf 88' lang='lat' dir='ltr'>1V.</span> <span class='ocrx_word' id='word_1_183' title='bbox 1091 2294 1123 2344; x_wconf 84' lang='grc'>2.</span> <span class='ocrx_word' id='word_1_184' title='bbox 1139 2296 1182 2362; x_wconf 74' lang='lat'>9:</span> 
     </span>
     <span class='ocr_line' id='line_1_21' title="bbox 156 2375 1273 2468; baseline 0.001 -28"><span class='ocrx_word' id='word_1_185' title='bbox 156 2375 270 2440; x_wconf 81' lang='lat' dir='ltr'>Salvus</span> <span class='ocrx_word' id='word_1_186' title='bbox 282 2378 353 2464; x_wconf 87' lang='lat' dir='ltr'>sum</span> <span class='ocrx_word' id='word_1_187' title='bbox 367 2379 437 2465; x_wconf 83' lang='lat' dir='ltr'>quia</span> <span class='ocrx_word' id='word_1_188' title='bbox 448 2395 555 2468; x_wconf 73' lang='lat' dir='ltr'>pereo:</span> <span class='ocrx_word' id='word_1_189' title='bbox 567 2381 603 2465; x_wconf 84' lang='lat' dir='ltr'><em>st</em></span> <span class='ocrx_word' id='word_1_190' title='bbox 614 2404 671 2444; x_wconf 85' lang='lat' dir='ltr'>non</span> <span class='ocrx_word' id='word_1_191' title='bbox 688 2396 820 2468; x_wconf 79' lang='lat' dir='ltr'>peream,</span> <span class='ocrx_word' id='word_1_192' title='bbox 834 2378 924 2467; x_wconf 79' lang='lat' dir='ltr'>plane</span> <span class='ocrx_word' id='word_1_193' title='bbox 937 2377 1089 2443; x_wconf 76' lang='lat' dir='ltr'>inteream.</span> <span class='ocrx_word' id='word_1_194' title='bbox 1111 2377 1184 2441; x_wconf 86' lang='lat' dir='ltr'>Afi-</span> <span class='ocrx_word' id='word_1_195' title='bbox 1266 2449 1273 2462; x_wconf 48' lang='lat'>‚</span> 
     </span>
     <span class='ocr_line' id='line_1_22' title="bbox 155 2478 1183 2567; baseline 0 -24"><span class='ocrx_word' id='word_1_196' title='bbox 155 2478 244 2543; x_wconf 79' lang='lat' dir='ltr'>neria</span> <span class='ocrx_word' id='word_1_197' title='bbox 266 2481 292 2542; x_wconf 94' lang='lat' dir='ltr'>I.</span> <span class='ocrx_word' id='word_1_198' title='bbox 309 2499 342 2564; x_wconf 85' lang='lat'>3.</span> <span class='ocrx_word' id='word_1_199' title='bbox 356 2500 394 2564; x_wconf 83' lang='lat'>91</span> <span class='ocrx_word' id='word_1_200' title='bbox 410 2507 418 2545; x_wconf 80' lang='lat' dir='ltr'><strong><em>z</em></strong></span> <span class='ocrx_word' id='word_1_201' title='bbox 443 2482 489 2545; x_wconf 84' lang='lat' dir='ltr'>Et</span> <span class='ocrx_word' id='word_1_202' title='bbox 506 2482 646 2567; x_wconf 67' lang='lat' dir='ltr'>prffeclo,</span> <span class='ocrx_word' id='word_1_203' title='bbox 660 2481 718 2566; x_wconf 81' lang='lat' dir='ltr'>nist</span> <span class='ocrx_word' id='word_1_204' title='bbox 730 2481 811 2544; x_wconf 76' lang='lat' dir='ltr'>illud</span> <span class='ocrx_word' id='word_1_205' title='bbox 819 2481 911 2567; x_wconf 80' lang='lat' dir='ltr'>perdo</span> <span class='ocrx_word' id='word_1_206' title='bbox 925 2493 1092 2567; x_wconf 82' lang='lat' dir='ltr'>argentum,</span> <span class='ocrx_word' id='word_1_207' title='bbox 1111 2493 1183 2565; x_wconf 79' lang='lat' dir='ltr'>per-</span> 
     </span>
     <span class='ocr_line' id='line_1_23' title="bbox 154 2581 1184 2668; baseline 0 -22"><span class='ocrx_word' id='word_1_208' title='bbox 154 2583 283 2646; x_wconf 78' lang='lat' dir='ltr'>eundum</span> <span class='ocrx_word' id='word_1_209' title='bbox 305 2582 344 2666; x_wconf 80' lang='lat' dir='ltr'>est</span> <span class='ocrx_word' id='word_1_210' title='bbox 363 2583 448 2646; x_wconf 76' lang='lat' dir='ltr'><strong>mihi.</strong></span> <span class='ocrx_word' id='word_1_211' title='bbox 484 2582 567 2647; x_wconf 90' lang='lat' dir='ltr'><strong>lbid.</strong></span> <span class='ocrx_word' id='word_1_212' title='bbox 591 2585 655 2647; x_wconf 88' lang='grc' dir='ltr'><strong>ΙΙΙ.</strong></span> <span class='ocrx_word' id='word_1_213' title='bbox 669 2602 703 2667; x_wconf 91' lang='grc'>3.</span> <span class='ocrx_word' id='word_1_214' title='bbox 717 2600 781 2668; x_wconf 84' lang='lat'>47:</span> <span class='ocrx_word' id='word_1_215' title='bbox 813 2582 846 2646; x_wconf 89' lang='lat' dir='ltr'><em>V</em></span> <span class='ocrx_word' id='word_1_216' title='bbox 843 2581 945 2652; x_wconf 78' lang='lat' dir='ltr'>idetin&#39;</span> <span class='ocrx_word' id='word_1_217' title='bbox 961 2581 1074 2667; x_wconf 77' lang='lat' dir='ltr'>viginti</span> <span class='ocrx_word' id='word_1_218' title='bbox 1093 2583 1184 2646; x_wconf 77' lang='lat' dir='ltr'>mina</span> 
     </span>
     <span class='ocr_line' id='line_1_24' title="bbox 154 2681 1184 2772; baseline 0.002 -26"><span class='ocrx_word' id='word_1_219' title='bbox 154 2683 231 2771; x_wconf 82' lang='lat' dir='ltr'>quid</span> <span class='ocrx_word' id='word_1_220' title='bbox 239 2683 363 2770; x_wconf 82' lang='lat' dir='ltr'>pollent,</span> <span class='ocrx_word' id='word_1_221' title='bbox 379 2684 489 2771; x_wconf 79' lang='lat' dir='ltr'>quidve</span> <span class='ocrx_word' id='word_1_222' title='bbox 498 2686 643 2771; x_wconf 69' lang='lat' dir='ltr'>prfflnt?</span> <span class='ocrx_word' id='word_1_223' title='bbox 664 2685 721 2747; x_wconf 83' lang='lat' dir='ltr'>Ille</span> <span class='ocrx_word' id='word_1_224' title='bbox 734 2684 784 2772; x_wconf 81' lang='lat' dir='ltr'>qui</span> <span class='ocrx_word' id='word_1_225' title='bbox 800 2681 870 2745; x_wconf 84' lang='lat' dir='ltr'>illas</span> <span class='ocrx_word' id='word_1_226' title='bbox 879 2683 992 2769; x_wconf 77' lang='lat' dir='ltr'><em>perdit,</em></span> <span class='ocrx_word' id='word_1_227' title='bbox 1001 2681 1114 2770; x_wconf 82' lang='lat' dir='ltr'>salvus</span> <span class='ocrx_word' id='word_1_228' title='bbox 1128 2682 1184 2768; x_wconf 71' lang='lat' dir='ltr'>est:</span> 
     </span>
     <span class='ocr_line' id='line_1_25' title="bbox 153 2785 1182 2874; baseline 0 -25"><span class='ocrx_word' id='word_1_229' title='bbox 153 2810 219 2872; x_wconf 74' lang='lat' dir='ltr'>ego,</span> <span class='ocrx_word' id='word_1_230' title='bbox 235 2785 358 2874; x_wconf 81' lang='lat' dir='ltr'>quinon</span> <span class='ocrx_word' id='word_1_231' title='bbox 376 2787 480 2873; x_wconf 81' lang='lat' dir='ltr'>perdo,</span> <span class='ocrx_word' id='word_1_232' title='bbox 496 2802 594 2874; x_wconf 77' lang='lat' dir='ltr'>pereo.</span> <span class='ocrx_word' id='word_1_233' title='bbox 630 2788 776 2854; x_wconf 86' lang='lat' dir='ltr'>Rudente</span> <span class='ocrx_word' id='word_1_234' title='bbox 790 2788 834 2853; x_wconf 90' lang='lat' dir='ltr'>V.</span> <span class='ocrx_word' id='word_1_235' title='bbox 848 2806 882 2873; x_wconf 97' lang='grc'>3.</span> <span class='ocrx_word' id='word_1_236' title='bbox 896 2802 938 2873; x_wconf 83' lang='grc'>59</span> <span class='ocrx_word' id='word_1_237' title='bbox 954 2811 962 2851; x_wconf 77' lang='lat' dir='ltr'>t</span> <span class='ocrx_word' id='word_1_238' title='bbox 985 2787 1101 2872; x_wconf 81' lang='lat' dir='ltr'>-pm&#39;i</span> <span class='ocrx_word' id='word_1_239' title='bbox 1113 2788 1182 2850; x_wconf 77' lang='lat' dir='ltr'>her·</span> 
     </span>
     <span class='ocr_line' id='line_1_26' title="bbox 153 2886 1185 2976; baseline 0.002 -26"><span class='ocrx_word' id='word_1_240' title='bbox 153 2886 222 2951; x_wconf 81' lang='lat' dir='ltr'>cle!</span> <span class='ocrx_word' id='word_1_241' title='bbox 249 2887 306 2973; x_wconf 83' lang='lat' dir='ltr'>nist</span> <span class='ocrx_word' id='word_1_242' title='bbox 326 2912 370 2951; x_wconf 84' lang='lat' dir='ltr'>me</span> <span class='ocrx_word' id='word_1_243' title='bbox 403 2888 540 2976; x_wconf 78' lang='lat' dir='ltr'>uspeudo,</span> <span class='ocrx_word' id='word_1_244' title='bbox 562 2888 663 2953; x_wconf 79' lang='lat' dir='ltr'>occidi.</span> <span class='ocrx_word' id='word_1_245' title='bbox 701 2886 843 2974; x_wconf 82' lang='lat' dir='ltr'>Captivis</span> <span class='ocrx_word' id='word_1_246' title='bbox 865 2889 925 2951; x_wconf 94' lang='lat' dir='ltr'>lll.</span> <span class='ocrx_word' id='word_1_247' title='bbox 942 2907 974 2968; x_wconf 88' lang='grc'>4.</span> <span class='ocrx_word' id='word_1_248' title='bbox 991 2888 1012 2951; x_wconf 90' lang='grc'><strong>6</strong></span> <span class='ocrx_word' id='word_1_249' title='bbox 1025 2911 1033 2951; x_wconf 76' lang='lat'>2</span> <span class='ocrx_word' id='word_1_250' title='bbox 1051 2887 1185 2956; x_wconf 78' lang='lat' dir='ltr'>Utinam</span> 
     </span>
     <span class='ocr_line' id='line_1_27' title="bbox 153 2986 972 3077; baseline 0.004 -27"><span class='ocrx_word' id='word_1_251' title='bbox 153 2999 182 3051; x_wconf 81' lang='lat' dir='ltr'>te</span> <span class='ocrx_word' id='word_1_252' title='bbox 196 2989 243 3052; x_wconf 67' lang='lat' dir='ltr'>D?</span> <span class='ocrx_word' id='word_1_253' title='bbox 252 2988 337 3075; x_wconf 80' lang='lat' dir='ltr'>prius</span> <span class='ocrx_word' id='word_1_254' title='bbox 352 2990 523 3076; x_wconf 79' lang='lat' dir='ltr'>perderent,</span> <span class='ocrx_word' id='word_1_255' title='bbox 539 3014 629 3076; x_wconf 86' lang='lat' dir='ltr'>quam</span> <span class='ocrx_word' id='word_1_256' title='bbox 638 2986 751 3076; x_wconf 77' lang='lat' dir='ltr'>periisti</span> <span class='ocrx_word' id='word_1_257' title='bbox 765 2989 893 3077; x_wconf 76' lang='lat' dir='ltr'>epatria</span> <span class='ocrx_word' id='word_1_258' title='bbox 908 2998 972 3053; x_wconf 78' lang='lat' dir='ltr'><strong>tua.</strong></span> 
     </span>
    </p>

    <p class='ocr_par' dir='ltr' id='par_1_6' title="bbox 76 3088 1184 3987">
     <span class='ocr_line' id='line_1_28' title="bbox 164 3088 1184 3175; baseline 0.001 -22"><span class='ocrx_word' id='word_1_259' title='bbox 164 3161 167 3170; x_wconf 31' lang='lat'><strong>¹</strong></span> <span class='ocrx_word' id='word_1_260' title='bbox 201 3091 273 3174; x_wconf 89' lang='grc'><strong>185.</strong></span> <span class='ocrx_word' id='word_1_261' title='bbox 286 3092 321 3154; x_wconf 88' lang='lat' dir='ltr'>F.</span> <span class='ocrx_word' id='word_1_262' title='bbox 336 3092 608 3175; x_wconf 59' lang='lat' dir='ltr'>M‘rPuNIttot]</span> <span class='ocrx_word' id='word_1_263' title='bbox 636 3089 837 3154; x_wconf 80' lang='lat' dir='ltr'>Nobilitatus</span> <span class='ocrx_word' id='word_1_264' title='bbox 852 3089 982 3155; x_wconf 69' lang='lat' dir='ltr'>vitioria</span> <span class='ocrx_word' id='word_1_265' title='bbox 996 3088 1036 3153; x_wconf 89' lang='lat' dir='ltr'>de</span> <span class='ocrx_word' id='word_1_266' title='bbox 1050 3090 1184 3156; x_wconf 75' lang='lat' dir='ltr'>Boeottu</span> 
     </span>
     <span class='ocr_line' id='line_1_29' title="bbox 76 3191 1183 3278; baseline 0.002 -20"><span class='ocrx_word' id='word_1_267' title='bbox 76 3258 79 3265; x_wconf 84' lang='grc'><em>,</em></span> <span class='ocrx_word' id='word_1_268' title='bbox 155 3196 182 3258; x_wconf 77' lang='grc' dir='ltr'>ἐν</span> <span class='ocrx_word' id='word_1_269' title='bbox 201 3192 368 3275; x_wconf 75' lang='grc' dir='ltr'><strong><em>Οἰνοφύτοις·</em></strong></span> <span class='ocrx_word' id='word_1_270' title='bbox 401 3191 442 3266; x_wconf 89' lang='lat' dir='ltr'>de</span> <span class='ocrx_word' id='word_1_271' title='bbox 464 3215 527 3278; x_wconf 86' lang='lat' dir='ltr'>qua</span> <span class='ocrx_word' id='word_1_272' title='bbox 555 3191 761 3278; x_wconf 85' lang='lat' dir='ltr'>Thucydides</span> <span class='ocrx_word' id='word_1_273' title='bbox 788 3194 816 3256; x_wconf 93' lang='lat' dir='ltr'><strong>l.</strong></span> <span class='ocrx_word' id='word_1_274' title='bbox 842 3194 914 3257; x_wconf 89' lang='lat'><strong>108.</strong></span> <span class='ocrx_word' id='word_1_275' title='bbox 944 3194 1002 3259; x_wconf 91' lang='lat' dir='ltr'>IV.</span> <span class='ocrx_word' id='word_1_276' title='bbox 1026 3209 1079 3278; x_wconf 85' lang='lat'>95.</span> <span class='ocrx_word' id='word_1_277' title='bbox 1108 3193 1183 3260; x_wconf 84' lang='lat' dir='ltr'>inde</span> 
     </span>
     <span class='ocr_line' id='line_1_30' title="bbox 157 3292 1183 3381; baseline 0.001 -20"><span class='ocrx_word' id='word_1_278' title='bbox 157 3292 347 3361; x_wconf 83' lang='lat' dir='ltr'>Plutarchus</span> <span class='ocrx_word' id='word_1_279' title='bbox 366 3294 418 3357; x_wconf 91' lang='lat' dir='ltr'>De</span> <span class='ocrx_word' id='word_1_280' title='bbox 441 3293 553 3358; x_wconf 90' lang='lat' dir='ltr'>Gloria</span> <span class='ocrx_word' id='word_1_281' title='bbox 574 3294 696 3358; x_wconf 84' lang='lat' dir='ltr'><strong>Athen.</strong></span> <span class='ocrx_word' id='word_1_282' title='bbox 716 3316 749 3381; x_wconf 87' lang='lat' dir='ltr'>p.</span> <span class='ocrx_word' id='word_1_283' title='bbox 764 3314 840 3379; x_wconf 85' lang='lat'><strong>345.</strong></span> <span class='ocrx_word' id='word_1_284' title='bbox 856 3294 900 3359; x_wconf 94' lang='lat' dir='ltr'>D.</span> <span class='ocrx_word' id='word_1_285' title='bbox 933 3293 1102 3359; x_wconf 79' lang='lat' dir='ltr'>Diodorus·</span> <span class='ocrx_word' id='word_1_286' title='bbox 1117 3295 1183 3363; x_wconf 90' lang='lat' dir='ltr'><strong>Sic.</strong></span> 
     </span>
     <span class='ocr_line' id='line_1_31' title="bbox 156 3393 1182 3482; baseline 0.002 -23"><span class='ocrx_word' id='word_1_287' title='bbox 156 3394 211 3482; x_wconf 91' lang='lat' dir='ltr'>qui</span> <span class='ocrx_word' id='word_1_288' title='bbox 223 3395 296 3471; x_wconf 84' lang='lat' dir='ltr'>¹hoc</span> <span class='ocrx_word' id='word_1_289' title='bbox 319 3393 389 3482; x_wconf 84' lang='lat' dir='ltr'>ejus</span> <span class='ocrx_word' id='word_1_290' title='bbox 404 3394 527 3460; x_wconf 74' lang='lat' dir='ltr'>dictum</span> <span class='ocrx_word' id='word_1_291' title='bbox 551 3395 646 3459; x_wconf 86' lang='lat' dir='ltr'>refert</span> <span class='ocrx_word' id='word_1_292' title='bbox 661 3396 721 3459; x_wconf 91' lang='lat' dir='ltr'><strong>Xl.</strong></span> <span class='ocrx_word' id='word_1_293' title='bbox 736 3416 792 3479; x_wconf 87' lang='lat'>31.</span> <span class='ocrx_word' id='word_1_294' title='bbox 828 3397 871 3471; x_wconf 84' lang='lat' dir='ltr'>Et</span> <span class='ocrx_word' id='word_1_295' title='bbox 886 3409 926 3463; x_wconf 86' lang='lat' dir='ltr'>ut</span> <span class='ocrx_word' id='word_1_296' title='bbox 943 3394 1086 3460; x_wconf 78' lang='lat' dir='ltr'>Aristidis</span> <span class='ocrx_word' id='word_1_297' title='bbox 1101 3398 1182 3463; x_wconf 81' lang='lat' dir='ltr'>auri-</span> 
     </span>
     <span class='ocr_line' id='line_1_32' title="bbox 155 3494 1182 3584; baseline 0.002 -22"><span class='ocrx_word' id='word_1_298' title='bbox 155 3520 230 3562; x_wconf 91' lang='lat' dir='ltr'>cum</span> <span class='ocrx_word' id='word_1_299' title='bbox 246 3509 404 3561; x_wconf 88' lang='lat' dir='ltr'>memorat</span> <span class='ocrx_word' id='word_1_300' title='bbox 428 3496 616 3560; x_wconf 83' lang='lat' dir='ltr'>Plutarchus</span> <span class='ocrx_word' id='word_1_301' title='bbox 638 3495 671 3559; x_wconf 91' lang='lat' dir='ltr'>in</span> <span class='ocrx_word' id='word_1_302' title='bbox 692 3494 791 3584; x_wconf 83' lang='lat' dir='ltr'>hujus</span> <span class='ocrx_word' id='word_1_303' title='bbox 804 3496 881 3562; x_wconf 85' lang='lat' dir='ltr'>Vita</span> <span class='ocrx_word' id='word_1_304' title='bbox 901 3518 934 3583; x_wconf 91' lang='lat' dir='ltr'>p.</span> <span class='ocrx_word' id='word_1_305' title='bbox 949 3515 1025 3582; x_wconf 83' lang='lat'><strong>325.</strong></span> <span class='ocrx_word' id='word_1_306' title='bbox 1041 3498 1082 3563; x_wconf 93' lang='lat' dir='ltr'>A.</span> <span class='ocrx_word' id='word_1_307' title='bbox 1104 3518 1182 3584; x_wconf 84' lang='grc'><strong>331.</strong></span> 
     </span>
     <span class='ocr_line' id='line_1_33' title="bbox 155 3596 1183 3686; baseline 0.001 -21"><span class='ocrx_word' id='word_1_308' title='bbox 155 3601 200 3665; x_wconf 94' lang='lat' dir='ltr'>A.</span> <span class='ocrx_word' id='word_1_309' title='bbox 244 3599 318 3664; x_wconf 85' lang='lat' dir='ltr'>Alia</span> <span class='ocrx_word' id='word_1_310' title='bbox 342 3598 411 3686; x_wconf 84' lang='lat' dir='ltr'>ejus</span> <span class='ocrx_word' id='word_1_311' title='bbox 436 3596 470 3662; x_wconf 86' lang='lat' dir='ltr'>in</span> <span class='ocrx_word' id='word_1_312' title='bbox 498 3596 554 3660; x_wconf 84' lang='lat' dir='ltr'>illa</span> <span class='ocrx_word' id='word_1_313' title='bbox 577 3597 779 3684; x_wconf 81' lang='lat' dir='ltr'>expeditione</span> <span class='ocrx_word' id='word_1_314' title='bbox 802 3596 1022 3685; x_wconf 76' lang='lat' dir='ltr'>strategemate</span> <span class='ocrx_word' id='word_1_315' title='bbox 1043 3599 1183 3686; x_wconf 91' lang='lat' dir='ltr'>produnt</span> 
     </span>
     <span class='ocr_line' id='line_1_34' title="bbox 156 3698 1184 3787; baseline 0.003 -21"><span class='ocrx_word' id='word_1_316' title='bbox 156 3702 326 3767; x_wconf 83' lang='lat' dir='ltr'>Frontinus</span> <span class='ocrx_word' id='word_1_317' title='bbox 345 3703 389 3763; x_wconf 94' lang='grc' dir='ltr'>ΙΙ.</span> <span class='ocrx_word' id='word_1_318' title='bbox 410 3719 512 3781; x_wconf 87' lang='lat'><strong>4.11.</strong></span> <span class='ocrx_word' id='word_1_319' title='bbox 536 3698 596 3764; x_wconf 86' lang='lat' dir='ltr'><strong>lv.</strong></span> <span class='ocrx_word' id='word_1_320' title='bbox 611 3719 642 3784; x_wconf 90' lang='lat'>7.</span> <span class='ocrx_word' id='word_1_321' title='bbox 661 3718 713 3767; x_wconf 89' lang='grc'>21.</span> <span class='ocrx_word' id='word_1_322' title='bbox 748 3699 915 3786; x_wconf 85' lang='lat' dir='ltr'>Polyaenus</span> <span class='ocrx_word' id='word_1_323' title='bbox 935 3702 962 3765; x_wconf 94' lang='lat' dir='ltr'><strong>l.</strong></span> <span class='ocrx_word' id='word_1_324' title='bbox 979 3719 1034 3787; x_wconf 86' lang='grc'>35.</span> <span class='ocrx_word' id='word_1_325' title='bbox 1071 3703 1184 3769; x_wconf 83' lang='lat' dir='ltr'>Simile</span> 
     </span>
     <span class='ocr_line' id='line_1_35' title="bbox 155 3800 1180 3892; baseline 0.002 -25"><span class='ocrx_word' id='word_1_326' title='bbox 155 3802 231 3868; x_wconf 87' lang='lat' dir='ltr'>huie</span> <span class='ocrx_word' id='word_1_327' title='bbox 245 3803 287 3866; x_wconf 88' lang='lat' dir='ltr'>est</span> <span class='ocrx_word' id='word_1_328' title='bbox 300 3801 452 3866; x_wconf 71' lang='lat' dir='ltr'>leonidae</span> <span class='ocrx_word' id='word_1_329' title='bbox 467 3800 517 3881; x_wconf 81' lang='grc' dir='ltr'><strong>ιβ’.</strong></span> <span class='ocrx_word' id='word_1_330' title='bbox 536 3822 569 3886; x_wconf 93' lang='lat' dir='ltr'>p.</span> <span class='ocrx_word' id='word_1_331' title='bbox 584 3818 658 3885; x_wconf 87' lang='grc'><strong>225.</strong></span> <span class='ocrx_word' id='word_1_332' title='bbox 673 3801 727 3866; x_wconf 76' lang='lat' dir='ltr'>Dt</span> <span class='ocrx_word' id='word_1_333' title='bbox 750 3813 785 3866; x_wconf 90' lang='lat' dir='ltr'>et</span> <span class='ocrx_word' id='word_1_334' title='bbox 797 3801 961 3867; x_wconf 88' lang='lat' dir='ltr'>Timothei</span> <span class='ocrx_word' id='word_1_335' title='bbox 981 3802 1067 3890; x_wconf 84' lang='lat' dir='ltr'>apud</span> <span class='ocrx_word' id='word_1_336' title='bbox 1086 3803 1180 3892; x_wconf 91' lang='lat' dir='ltr'>Poly-</span> 
     </span>
     <span class='ocr_line' id='line_1_36' title="bbox 155 3903 457 3987; baseline -0.013 -18"><span class='ocrx_word' id='word_1_337' title='bbox 155 3927 262 3969; x_wconf 81' lang='lat' dir='ltr'>aenum</span> <span class='ocrx_word' id='word_1_338' title='bbox 279 3903 342 3966; x_wconf 90' lang='lat' dir='ltr'>lll.</span> <span class='ocrx_word' id='word_1_339' title='bbox 358 3923 408 3968; x_wconf 91' lang='lat'>10.</span> <span class='ocrx_word' id='word_1_340' title='bbox 424 3922 457 3987; x_wconf 90' lang='grc'>3.</span> 
     </span>
    </p>
   </div>
   <div class='ocr_carea' id='block_1_5' title="bbox 197 4003 1192 4095">
    <p class='ocr_par' dir='ltr' id='par_1_7' title="bbox 197 4003 1192 4095">
     <span class='ocr_line' id='line_1_37' title="bbox 197 4003 1192 4095; baseline 0.003 -28"><span class='ocrx_word' id='word_1_341' title='bbox 197 4026 231 4091; x_wconf 94' lang='lat' dir='ltr'>p.</span> <span class='ocrx_word' id='word_1_342' title='bbox 250 4005 322 4068; x_wconf 88' lang='lat'><strong>186.</strong></span> <span class='ocrx_word' id='word_1_343' title='bbox 336 4007 381 4069; x_wconf 91' lang='lat' dir='ltr'>A.</span> <span class='ocrx_word' id='word_1_344' title='bbox 415 4003 673 4072; x_wconf 65' lang='lat' dir='ltr'>Aetz&#39;retuor.</span> <span class='ocrx_word' id='word_1_345' title='bbox 699 4004 752 4090; x_wconf 59' lang='grc' dir='ltr'>αἲ]</span> <span class='ocrx_word' id='word_1_346' title='bbox 791 4007 840 4072; x_wconf 82' lang='lat' dir='ltr'>Ex</span> <span class='ocrx_word' id='word_1_347' title='bbox 867 4004 945 4072; x_wconf 75' lang='lat' dir='ltr'>Vita</span> <span class='ocrx_word' id='word_1_348' title='bbox 974 4004 1118 4071; x_wconf 74' lang='lat' dir='ltr'>Aristidis</span> <span class='ocrx_word' id='word_1_349' title='bbox 1147 4030 1192 4095; x_wconf 89' lang='lat' dir='ltr'>p..</span> 
     </span>
    </p>
   </div>
   <div class='ocr_carea' id='block_1_6' title="bbox 154 4108 807 4288">
    <p class='ocr_par' dir='ltr' id='par_1_8' title="bbox 154 4108 807 4288">
     <span class='ocr_line' id='line_1_38' title="bbox 154 4108 807 4194; baseline 0.002 -1"><span class='ocrx_word' id='word_1_350' title='bbox 154 4108 281 4193; x_wconf 79' lang='lat' dir='ltr'><strong>319·F·</strong></span> <span class='ocrx_word' id='word_1_351' title='bbox 759 4165 761 4168; x_wconf 91' lang='lat'><em>-</em></span> <span class='ocrx_word' id='word_1_352' title='bbox 805 4190 807 4194; x_wconf 79' lang='grc'>,</span> 
     </span>
     <span class='ocr_line' id='line_1_39' title="bbox 200 4226 705 4288; baseline -0.004 -16"><span class='ocrx_word' id='word_1_353' title='bbox 200 4227 355 4272; x_wconf 70' lang='lat' dir='ltr'>vomi.</span> <span class='ocrx_word' id='word_1_354' title='bbox 650 4226 705 4288; x_wconf 81' lang='grc'>41</span> 
     </span>
    </p>
   </div>
   <div class='ocr_carea' id='block_1_7' title="bbox 0 0 1350 4770">
    <p class='ocr_par' dir='ltr' id='par_1_9' title="bbox 0 0 1350 4770">
     <span class='ocr_line' id='line_1_40' title="bbox 0 0 1350 4770; baseline 0 0"><span class='ocrx_word' id='word_1_355' title='bbox 0 0 1350 4770; x_wconf 95' lang='lat' dir='ltr'> </span> 
     </span>
    </p>
   </div>
  </div>
 </body>
</html>
