2692 4770
236 342 314 396 1032
378 336 418 397 D.
429 336 480 397 W.
500 335 709 397 hrrrMA-lrv.
729 335 777 396 IN
797 334 1029 395 PLUTARCHI
1049 334 1125 394 LlB.

235 497 301 561 viae·
312 486 436 561 nomen·
445 498 606 563 neminem
621 496 721 585 sugit:
738 513 771 563 et
783 510 994 585 purgamenta
1007 496 1040 561 in
1054 495 1177 583 τριόδους
1192 514 1270 579 pro·

231 597 290 685 jici
313 599 414 677 solita,
436 599 560 664 erudite
579 600 674 664 docet
696 599 925 686 Harpocration
944 599 977 662 in
996 621 1074 663 voce
1093 596 1272 678 Ὀξαθόρκα,

237 701 293 765 ubi
310 706 347 762 rel
365 706 484 764 hassia
500 701 626 765 Hecates
640 726 705 765 crae
719 724 784 787 quo
798 701 917 766 scilicet
933 706 970 765 rol
988 698 1165 784 καθάρματα
1178 697 1273 762 desc·

237 803 400 883 rebantur,
423 802 570 868 ferianda
591 818 683 868 vetus
704 804 812 883 lectio,
836 803 925 890 pulsa
946 825 1026 866 nora
1046 804 1211 874 Ἑκαταῖος·
1235 808 1274 863 ut

236 903 322 968 reste
343 918 454 967 monet
473 904 546 969 Tib.
562 904 815 969 Hemllerhufius
828 902 874 967 ad'
885 902 1019 968 Luciani
1037 904 1076 966 T.
1093 905 1120 966 1.
1144 908 1180 986 p'.
1194 918 1272 987 330.

235 1005 302 1082 illa,
317 1001 353 1068 -1i
365 1022 410 1068 re
428 1005 497 1095 εὕροι
515 1011 542 1071 ἐν
563 1012 596 1094 τῇ
617 1007 714 1096 τριέδῳ
731 1007 854 1085 Ἑκάτης
876 1010 973 1071 divor
992 1002 1151 1088 adposui,
1168 1004 1222 1065 vids
1241 1006 1274 1067 bt

236 1109 392 1194 καθαραία,
416 1107 438 1185 6⁶
452 1134 479 1173 τι
498 1118 614 1188 τοιαῦτα,
627 1110 841 1173 'eruditissime
859 1109 942 1173 hanc
963 1107 1153 1199 religionem
1166 1104 1272 1191 expli-

234 1230 326 1274 cans:
350 1209 404 1274 cui
422 1210 616 1298 adjungatur
636 1213 667 1277 J.
682 1212 840 1276 Meurfius
854 1210 893 1275 ad
908 1211 1157 1298 Lycophronem
1176 1208 1272 1290 1158.

233 1324 267 1376 et
294 1313 386 1395 1176.
425 1314 483 1376 l’er
505 1313 575 1378 haec
599 1314 785 1398 καθάρματα,
800 1313 984 1399 sanguinem
1005 1326 1038 1375 et
1060 1332 1117 1395 per
1126 1308 1273 1394 sepulcra

233 1412 381 1477 incedere
399 1413 607 1478 credebatur:
631 1436 670 1478 ex
692 1437 755 1500 qua
775 1414 926 1500 opinione
939 1412 1131 1478 Theocritus
1156 1410 1210 1475 Id.
1226 1411 1271 1474 ll.

237 1533 296 1581 12:
319 1520 367 1599 Τᾴ
385 1516 490 1600 χθονία
503 1519 530 1578 θ’
544 1516 668 1601 Ἑκάτα,
682 1520 734 1578 τὰν
748 1517 770 1602 si,
785 1516 926 1589 σκύλακες
938 1514 1076 1600 τρομέοντι
1090 1511 1271 1599 Ἐρχαριένακ

233 1615 330 1678 νεκύων
345 1616 399 1680 draci
412 1621 436 1681 τ’
450 1617 512 1699 ἠρία
526 1618 548 1703 'b
561 1616 651 1697 μίλακ
672 1617 756 1699 αἷμα.
792 1616 844 1681 De
865 1617 930 1703 ipsa
949 1618 1089 1681 Hecates
1107 1614 1216 1679 forma
1232 1635 1273 1680 ex

234 1716 386 1802 opinione
412 1717 539 1803 magica
562 1740 668 1804 operae
696 1718 835 1803 pretium
860 1719 903 1782 est
924 1719 1031 1804 legere
1057 1716 1272 1804 Porphyrium

233 1822 286 1885 De
305 1818 426 1883 Abstin.
444 1822 505 1883 Ill.
524 1837 573 1903 17.
598 1823 656 1886 IV.
676 1823 725 1887 16.
748 1835 782 1885 et
801 1819 887 1906 apud
909 1819 1081 1884 Eusebium
1105 1820 1211 1904 Praep.
1224 1821 1271 1883 E·

233 1942 326 2010 sang.
344 1925 402 1987 IV.
416 1945 449 2009 p.
467 1941 537 2009 175.
555 1925 595 1989 C.
618 1927 661 1989 V.
678 1943 751 1989 201.
767 1924 810 1988 D.
835 1942 907 1992 202.
924 1924 976 1987 D:
1000 1920 1069 2000 ubi,
1082 1920 1139 2008 qui
1162 1921 1193 1985 ei
1210 1920 1268 1986 tri·

233 2024 378 2088 buuntur
402 2046 524 2111 angues
552 2025 698 2112 ecapite
719 2024 936 2112 dependentes
961 2023 1151 2108 capillorum
1178 2021 1272 2087 instar

232 2125 425 2190 conveniunt
440 2148 514 2191 curn
537 2127 710 2214 implicandi
729 2127 872 2214 negotio,
892 2141 928 2190 ut
944 2126 1006 2197 illis
1019 2125 1181 2213 anguibus
1196 2124 1271 2211 quis

231 2225 405 2311 implicitus
421 2227 631 2314 adstringatur
644 2235 684 2313 τῷ
696 2228 892 2312 ααλαμναίαρι
910 2228 1016 2312 estque
1030 2227 1094 2291 hoc
1109 2226 1185 2290 loco
1197 2228 1269 2315 pia·

231 2326 340 2405 culum,
352 2328 464 2413 scelus,
487 2332 600 2407 caedes3
624 2351 699 2393 nam
722 2329 791 2394 aliis
813 2331 911 2394 etiam
933 2330 1012 2394 locis
1026 2353 1135 2393 numen
1147 2320 1269 2394 et'ccn-

219 2427 348 2517 scientia
359 2428 482 2515 fircleris
500 2431 615 2518 <jusque
634 2448 736 2518 prena,
751 2430 827 2495 item
842 2443 929 2494 vetus
944 2441 1093 2518 peccatum
1107 2429 1269 2516 significa·

230 2545 305 2597 tur:
329 2553 394 2618 qua
415 2533 456 2596 de
478 2556 511 2596 rc
530 2533 737 2597 consulantur
757 2532 1005 2618 Harpocration,
1029 2531 1213 2618 Hesychius
1234 2545 1270 2596 et

232 2654 314 2719 quos
344 2634 387 2698 ibi
412 2634 520 2698 citavit
541 2635 718 2713 Albertius,
743 2647 813 2698 tum
836 2633 1048 2718 spanhemius
1077 2632 1119 2695 ad
1147 2632 1270 2697 Juliani

231 2735 370 2799 Caesares
390 2736 443 2798 sin.
469 2758 500 2821 p.
522 2756 594 2820 147.
617 2736 694 2800 edit.
715 2737 900 2822 Heusinger.
916 2749 949 2798 et
966 2734 1153 2798 Plutarchus
1168 2735 1269 2800 habet

230 2837 315 2923 Opp.
333 2838 420 2900 Mor.
437 2860 469 2922 p.
484 2856 556 2923 297.
571 2841 613 2901 Α.
635 2842 711 2918 418.
726 2840 764 2902 B.
788 2838 855 2902 Vit.
875 2857 946 2920 219.
960 2839 1002 2899 D.
1026 2855 1098 2920 922.
1111 2839 1149 2900 Β.
1171 2840 1268 2920 1067.

230 2940 273 3003 A.
308 2937 418 3024 Eurip.
440 2940 546 3025 lphig.
563 2942 659 3003 'saun
680 2943 772 3005 1226.
810 2939 940 3003 Plautus
957 2938 987 3001 in
1008 2937 1206 3002 Mostellaria
1222 2941 1268 3002 ll.

231 3060 262 3106 2.
277 3054 331 3123 45.
356 3038 395 3102 de
419 3040 540 3125 spedtro
561 3039 649 3103 domi
673 3040 870 3104 habitatores
885 3040 1062 3117 territante‚
1078 3038 1141 3102 vim
1158 3041 1269 3105 Graeci

230 3141 367 3205 nominis
381 3142 506 3204 secutus
520 3142 574 3204 est.
610 3142 721 3222 Scelus,
736 3141 869 3229 inquam,
880 3141 1004 3226 fabium
1020 3140 1054 3227 ss
1064 3142 1191 3228 jamdiu
1208 3167 1268 3206 an-

229 3244 336 3331 tiquom
360 3253 388 3305 cs
408 3242 664 3331 vetas-Hospes
683 3244 801 3308 necavit
823 3243 957 3329 hospitem
980 3255 1095 3328 captum
1118 3267 1270 3311 menu-.

231 3350 362 3413 Furores
389 3347 448 3410 hos
473 3347 587 3410 Dianae
617 3348 745 3433 ejusque
773 3349 825 3410 irae
853 3346 1004 3430 imputari
1032 3347 1141 3411 solitos
1165 3348 1269 3412 modo

229 3448 414 3515 monuimus
428 3464 466 3510 ex
484 3448 680 3531 Hippocrate
693 3478 700 3512 :
724 3463 758 3512 et
777 3448 896 3533 spedat
911 3446 1025 3510 codem
1042 3446 1121 3511 illud
1136 3449 1267 3513 Horatii

228 3553 271 3613 A.
290 3551 323 3612 P.
339 3566 424 3632 453:
454 3548 493 3611 Ut
514 3548 595 3610 mela
617 3573 699 3635 quem
712 3550 828 3634 scabies
851 3562 904 3612 aut
918 3548 1034 3611 morbus
1048 3550 1149 3635 regius
1163 3565 1267 3636 urget,

208 3662 209 3666 ’
228 3649 294 3712 Aut
303 3646 465 3734 fanaticus
482 3661 604 3725 errores
619 3650 763 3712 iracunda
781 3650 899 3728 Diana,
920 3650 1061 3735 Vey'anum
1079 3651 1202 3737 tetigiffi
1225 3654 1268 3715 ti·

228 3763 306 3813 ment
316 3750 508 3837 fugiuntque
526 3764 652 3838 poetam,
673 3750 734 3835 Qui
745 3752 927 3837 sepiunt-.
957 3752 1106 3817 Universe
1121 3755 1178 3817 sub
1197 3759 1268 3820 He-

228 3870 314 3918 cates
331 3853 459 3918 nornine
474 3853 625 3940 fignificat
640 3851 705 3916 Dio
720 3852 834 3938 Chrys.
852 3853 908 3915 Or.
926 3855 972 3914 IV
976 3901 983 3916 .
1008 3876 1041 3938 p.
1055 3872 1108 3939 73.
1123 3855 1155 3917 D
1168 3880 1176 3916 ι
1201 3858 1268 3919 εἰώ-

227 3962 312 4019 θασιν
330 3955 389 4018 ἔνιοι
408 3963 461 4017 τῶν
484 3957 551 4041 περὶ
571 3960 621 4028 ταὶς
639 3958 754 4027 τελετὰς
772 3952 818 4019 κα)
832 3958 869 4015 ταὶ
889 3955 1032 4041 καθάρσια
1053 3961 1128 4031 uiris
1140 3958 1269 4035 Ἑκάτης

228 4058 404 4140 ἱλασκόμενοί
415 4084 446 4120 τε
467 4056 513 4124 καὶ
526 4058 621 4134 ἐξάντη
640 4055 789 4138 φάσκοντες
807 4058 942 4132 ποιήσειν·
968 4057 1071 4135 ἔπειτα,
1095 4058 1183 4139 siper,
1207 4062 1267 4141 φά-

226 4186 326 4240 σματα
348 4164 451 4221 πολλοὶ
474 4159 494 4244 ᾗ
516 4158 629 4225 ποικίλα
650 4159 700 4243 πρὸ
718 4166 771 4220 τῶν
786 4162 938 4243 καθαρμῶν
953 4158 1113 4242 ἐξαγόμενοι
1127 4161 1149 4247 ᾖ
1165 4164 1265 4228 larda.

227 4260 344 4337 κκύκτες,
360 4259 403 4338 alsi
418 4277 500 4343 φασιν
514 4258 669 4340 ἐπιπέμπειν
680 4256 841 4345 χολαριένηκ
855 4262 902 4335 τὴν
916 4258 987 4334 θεόν,
