2692 4770
274 294 757 358 arornrrrnscurnuo.
776 293 1066 389 paras-rma.
1109 303 1185 358 rna
1266 378 1272 387 ¹

153 456 419 549 munimentaque
432 459 601 542 sociorum,
615 461 671 549 qui
685 461 768 527 duce
784 457 936 543 chabria,
951 458 1072 524 Isthmo
1086 457 1190 524 intera

155 563 245 649 septo
266 563 436 628 Thebanos
457 565 498 629 ab
521 563 658 652 ingressu
683 563 716 628 in
742 562 994 651 Peloponnesum
1018 557 1191 628 excludere

155 662 337 728 studebant:
360 663 477 753 quade
492 688 527 731 re
542 679 648 731 narrat
660 665 825 732 Diodorus
840 665 904 730 Sic.
917 665 994 733 XV.
1005 664 1060 729 68.

200 787 274 853 193.
290 770 325 833 F.
348 767 400 856 κ’.]
432 769 635 858 Antigenidas
663 769 869 836 nobiliffimus
896 768 1028 848 tibicen,
1056 765 1191 852 dequo

154 888 259 955 pauca
272 870 452 934 notavimus
466 893 500 958 p.
517 872 589 953 184.
599 871 647 936 ·C.
669 872 811 937 Breviter
825 871 940 936 Suidas
954 884 988 936 et
1002 871 1190 956 Harpocra-

154 971 224 1036 tion
247 971 280 1036 in
303 992 401 1037 vocet
428 987 609 1038 contemtor
627 973 731 1040 laudis
753 973 933 1062 popularis:
961 995 1027 1065 quo
1048 969 1191 1059 pertinet

153 1073 224 1160 ejus
246 1073 368 1140 ditium
389 1075 475 1140 Mihi
497 1099 568 1140 cone
589 1088 618 1140 et
635 1077 734 1164 Astists
752 1089 964 1142 memoratum
986 1072 1135 1141 Ciceroni
1157 1071 1191 1137 in
1252 1156 1256 1161 Ι

152 1177 268 1257 Bruto,
282 1197 338 1263 50.
362 1178 491 1244 Valerio
504 1181 595 1245 Max.
612 1180 674 1245 111.
690 1196 722 1266 7.
746 1181 819 1244 Erit.
836 1200 877 1247 a:
905 1178 967 1244 alia
979 1177 1067 1266 apud
1080 1176 1189 1243 Athe·

154 1301 261 1343 neum
276 1281 368 1345 XIV.
385 1282 503 1366 p-631.
517 1282 554 1345 F.
581 1280 749 1347 Philonem
763 1278 840 1347 Jud.
853 1281 995 1346 Omnem
1012 1280 1106 1345 Prob.
1121 1276 1192 1343 Effe

153 1380 228 1446 Lib.
243 1402 277 1468 p.
295 1382 368 1448 886.
386 1385 425 1447 E.
454 1382 548 1448 Setia
561 1384 603 1448 ab
624 1383 695 1472 ejus
715 1383 846 1448 nomine
861 1381 1065 1471 Antigenus,
1079 1378 1190 1468 prodi·

155 1498 210 1549 tur
223 1507 243 1548 a
257 1484 429 1552 Plutarcho
443 1486 559 1551 Mufic.
581 1508 615 1573 p.
633 1487 727 1573 1138.
742 1487 787 1551 A.
825 1486 863 1550 ln
879 1485 949 1574 ejus
964 1497 1059 1550 aetate
1074 1482 1191 1548 dissen-

153 1587 242 1652 tiunt
263 1588 450 1675 scriptores:
475 1587 599 1655 Gellius
622 1591 697 1657 XV.
715 1605 768 1675 17.
791 1589 968 1655 secundum
989 1585 1192 1673 Pamphilam

151 1710 230 1753 cum
251 1703 483 1776 praeceptorem
500 1690 677 1757 Alcibiadis
697 1690 789 1779 pueri
803 1691 893 1756 facit.
927 1689 1118 1756 Plutarchus
1138 1689 1192 1753 De

155 1793 243 1857 Port.
257 1790 434 1856 Alexandri
454 1814 488 1880 p.
502 1808 579 1879 335.
593 1795 637 1858 A.
654 1793 740 1880 apud
752 1793 840 1860 hunc
859 1815 936 1858 eum
956 1791 1101 1858 cecinisse
1115 1812 1191 1856 nar·
1252 1804 1255 1809 '

153 1995 339 2060 Timotheum
356 1994 459 2061 edunt
479 1995 546 2077 a'lii,
561 1996 660 2062 veluti
673 1996 740 2063 Dio
756 1997 871 2085 Chrys.
889 1997 947 2063 Or.
964 1997 991 2061 l.
1014 2018 1049 2083 p.
1065 2017 1096 2061 1.
1130 1997 1191 2061 So-

152 2111 246 2186 pater
261 2097 482 2164 Commentar.
498 2099 532 2164 in
553 2100 756 2188 Hermogen.
778 2120 812 2187 p.
826 2100 902 2186 385.
916 2127 948 2164 σε.
966 2119 982 2164 1
996 2125 1005 2164 ε
1028 2096 1117 2186 quod
1130 2120 1192 2163 no·

152 2222 229 2265 men
250 2198 341 2265 suitse
361 2199 463 2265 fertur
482 2201 566 2288 patri
586 2199 817 2289 Antigenidre:
841 2223 901 2266 nec
922 2223 1040 2267 novum
1060 2199 1191 2266 nomina

153 2302 315 2368 clarorum
336 2301 507 2368 hominum
531 2326 552 2369 a
575 2303 791 2391 scriptoribus
815 2303 848 2369 in
870 2303 976 2370 alieno
997 2316 1191 2392 argumento

152 2404 322 2469 confundi.
350 2405 487 2471 Fortasse
502 2427 585 2486 vera,
600 2420 687 2471 certe
701 2405 906 2486 verisimilior,
923 2405 1071 2472 habenda
1082 2405 1189 2472 Athe-

154 2506 218 2573 nai
243 2506 383 2572 narratio
404 2508 464 2574 IV.
488 2528 611 2594 p.131.
631 2509 672 2572 Β.
694 2531 770 2574 eum
796 2509 831 2574 in
854 2508 1024 2595 Iphicratis
1045 2521 1192 2596 tempora

153 2608 316 2696 ponentis.
352 2608 429 2673 Alia
447 2609 581 2696 collegit
601 2610 796 2697 Harduinusp
808 2609 850 2674 sd
869 2609 1008 2674 Plinium
1025 2611 1117 2677 XVI.
1134 2612 1189 2678 66.

154 2712 194 2777 ln
208 2711 339 2777 alterius
354 2710 493 2777 tibicinis
510 2711 644 2791 ‚nomine
660 2711 778 2777 diversa
793 2712 837 2777 est
852 2711 1001 2777 codicum
1017 2711 1190 2801 seriptura3

154 2834 230 2877 nam
251 2812 388 2892 Τέλληνος
409 2814 489 2880 dant
511 2817 543 2882 J.
559 2815 647 2881 Voss.
668 2815 761 2881 Harl.
796 2839 903 2904 porro,
924 2817 1035 2896 Τέλλην
1054 2820 1086 2885 J.
1102 2816 1191 2883 Voss.

150 2915 262 2995 Τέλλης
277 2917 371 2982 Harl.
403 2916 506 2981 Tellrn
521 2918 653 3005 quidem
669 2919 820 3007 cognitus
836 2921 879 2985 esi
895 2934 933 2985 ut
953 2921 1058 2986 bonus
1071 2920 1197 3011 tibicen

150 3034 187 3085 et
205 3019 375 3085 modorum
396 3020 577 3088 festivorum
599 3022 732 3088 auttor:
756 3038 790 3087 at
812 3044 872 3087 nec
895 3020 991 3086 Telles
1008 3037 1066 3089 aut
1086 3022 1192 3105 Tenis,

151 3135 270 3209 praeter
297 3124 384 3188 hunc
409 3123 518 3188 locum
540 3123 628 3203 alibi,
658 3123 763 3189 malus
792 3123 922 3205 tibicen,
951 3125 1039 3212 quod
1060 3125 1191 3212 quidem

154 3224 302 3318 sciamus,
315 3243 525 3294 memoratur.
547 3228 690 3294 Breviter
702 3227 756 3293 sed
767 3226 862 3294 dosie
874 3227 915 3293 de
929 3227 985 3293 illo
996 3228 1065 3316 egit
1075 3228 1191 3295 Ruhn-

154 3328 273 3394 kenius
287 3328 383 3415 Epist.
400 3330 483 3395 Crit.
501 3333 526 3395 l.
542 3353 575 3417 p.
594 3351 665 3417 119.

166 3484 168 3489 .
197 3452 231 3516 p.
250 3449 322 3515 194.
337 3430 381 3493 A.
405 3429 478 3517 rofi]
504 3432 553 3497 Ut
574 3429 637 3495 alia
658 3453 697 3495 ex
711 3430 775 3496 hoc
790 3430 980 3498 Plutarcheo
994 3431 1192 3519 Apopbthe·

153 3544 303 3618 gmatum
325 3531 419 3611 libro,
442 3533 487 3597 ita
509 3533 584 3613 hoc,
601 3531 761 3620 descripsit
774 3531 922 3598 AElisnus
936 3535 1015 3599 Var.
1030 3533 1112 3598 Hist.
1129 3534 1191 3599 XI.

156 3653 190 3718 9.
224 3634 335 3698 Paucis
349 3634 451 3700 verbis
465 3635 662 3699 mentionem
678 3633 831 3721 superiori
852 3633 989 3699 historiae
1003 3632 1040 3710 ς’.
1057 3634 1201 3723 subjecit„

154 3733 345 3800 Themistius
360 3736 416 3801 Or.
430 3737 509 3801 Vll.
530 3759 563 3823 p.
581 3737 633 3801 88.
651 3737 700 3803 C:
725 3733 771 3817 tol
785 3738 842 3800 otti
853 3737 996 3824 χρήματα
1009 3739 1191 3826 εἰσπράξαιτο

154 3836 216 3911 τοὺς
231 3839 431 3923 asmantiam·
455 3843 535 3903 ἇλλσὶ
549 3838 596 3921 troi
608 3842 655 3904 τὸν
670 3844 825 3918 brunardi
840 3838 990 3922 αἰθόμενος
1004 3847 1051 3918 σῆς
1071 3841 1190 3925 palmy-

154 3965 206 4024 γος
220 3940 400 4023 ἀπεσείσατο,
441 3942 606 4008 Caeterum
620 3964 678 4030 pro
694 3938 796 4016 ἐθέλεις
810 3941 1037 4030 corrigendum
1053 3943 1192 4022 ἑθελῆσσς

154 4064 195 4108 ex
208 4042 302 4107 Harl.
318 4060 351 4109 et
363 4046 493 4111 AEliano
509 4045 531 4110 l.
543 4067 573 4110 c.

200 4164 273 4229 194.
288 4146 333 4209 A.
355 4146 429 4233 ast]
455 4146 695 4213 Nobilissimum
710 4143 775 4211 hoc
790 4145 904 4233 capitis
919 4144 1081 4236 judicium
1096 4146 1191 4212 multi

154 4260 385 4315 memorarunt.
418 4250 533 4339 Nepos
556 4250 673 4338 Epsm.
693 4248 773 4318 v11.
795 4249 891 4321 v111.
928 4247 1118 4317 Plutarchus
1141 4249 1200 4317 bis-
