2692 4770
148 312 210 365 ιιο
292 304 394 364 uw.
408 303 615 364 ΑΝιΜιιιν.
635 305 682 365 ιιι
703 276 941 366 rnurancm'
954 304 1027 363 ns.

150 465 228 532 licet
241 485 353 553 parum
368 465 405 531 lit
418 466 649 555 exemplorum,
663 488 723 533 nec
738 467 823 533 mihi*
832 466 911 535 alibi
924 466 1062 531 leolum:
1085 489 1184 526 κατοι-

149 573 283 652 σιχνιιιιδς
297 566 414 654 legitur
429 567 463 632 in
483 568 600 634 Pericle
620 591 653 654 p.
672 584 743 652 152.
765 570 808 632 F:
839 567 924 632 reete
943 563 1129 650 repudiatur
1142 564 1185 626 ab

151 671 198 734 H.
214 669 379 756 Stephano
393 667 434 734 sd
453 690 527 735 eum
549 668 658 736 locum
673 682 706 734 et
721 669 753 733 in
766 668 860 734 Thes.
876 669 990 732 L.-Gr.
1005 667 1043 730 T.
1059 665 1124 729 III.
1149 686 1183 749 p.

153 788 247 854 ι434.
261 771 316 833 A:
339 781 373 834 et
394 769 477 834 abest
498 783 604 834 totum
625 770 658 834 in
680 767 790 834 codice
811 767 988 833 Moscuenst
1012 766 1034 850 ι]
1056 790 1184 827 κατασι-

148 877 266 957 χνιιιῶς,
280 884 315 936 at
330 871 363 935 ln
377 870 489 936 codice
505 872 657 937 Parifienst
672 871 790 958 legitur
802 873 825 957 'l
837 876 982 956 τεχνικῶς.
1013 869 1095 953 Haeo
1110 886 1185 949 pars

152 971 288 1036 nimium
307 985 418 1036 curata
433 972 705 1059 reprehenfionem
718 971 834 1037 habere
849 983 995 1056 poterst3
1017 965 1184 1052 fiquidem,

146 1071 260 1159 judice
288 1072 456 1138 Aristotele
484 1073 602 1138 Poetlc.
624 1074 683 1140 Vl.
709 1081 724 1151 ἡ
747 1074 774 1135 δὲ
801 1072 863 1148 ὄψις
888 1070 1096 1157 ψοχαγσιγιιιδν
1119 1066 1184 1148 μὶν,

149 1173 346 1261 ἇτιχνοίταοον
359 1177 399 1256 li,
419 1173 465 1256 κα]
479 1178 562 1252 ηἰιιςα
578 1179 670 1239 :tusto
690 1181 736 1251 τῆς
753 1178 909 1250 ποιητικῆς.
926 1211 928 1215 ⁴
944 1174 994 1234 Ex
1015 1169 1065 1234 his
1081 1167 1184 1231 tribus

152 1273 227 1352 λέξις
239 1275 284 1338 est
297 1277 479 1355 ἠθικώτατον,
495 1276 665 1362 plurimam
687 1275 784 1343 habet
798 1297 873 1339 cum
888 1273 1030 1339 moribus
1045 1268 1184 1355 conjun-

17 1416 20 1421 ·
152 1374 313 1440 &ionem
337 1377 441 1454 oratio,
455 1377 608 1441 verbonmr
622 1376 748 1441 detectus
766 1388 795 1440 et
807 1375 987 1464 compofite'o:
1010 1393 1107 1458 quam
1123 1370 1182 1436 de·

153 1472 223 1537 finit
238 1474 422 1539 Aristoteles
435 1474 458 1538 l.
468 1496 498 1540 c.
511 1480 560 1553 τὴν
574 1478 617 1538 tu
631 1482 678 1551 τῆς
692 1474 838 1556 ὀνομασίας
853 1471 1000 1560 ἑρμηνείαν.

195 1589 248 1659 79.
263 1575 303 1640 B.
325 1578 535 1664 σανηηορικῶν]
561 1576 771 1662 Exposuimus
785 1577 825 1640 ad
840 1598 872 1661 p.
881 1577 914 1639 6.
925 1576 968 1638 A.

195 1690 248 1760 79.
265 1673 304 1739 C.
327 1675 465 1761 σάρκινον]
497 1677 555 1740 Per
581 1674 803 1760 metaphoram
828 1673 868 1738 de
893 1673 962 1738 aliis
983 1671 1182 1758 corporibus,

152 1779 338 1845 rariffimum
360 1781 402 1845 ell
424 1779 464 1844 de
485 1781 580 1845 rebus
595 1780 781 1860 moralibus,
797 1779 893 1865 idque
915 1779 948 1843 in
968 1779 1088 1842 bonum
1106 1797 1183 1862 par-

152 1890 240 1944 tem:
264 1903 340 1945 nam
360 1881 468 1946 animo
489 1881 555 1946 fere
575 1882 761 1968 opponitur,
780 1881 926 1968 Sympos.
939 1881 1034 1943 VIII.
1058 1900 1091 1964 p.
1106 1893 1185 1967 745.

153 1982 195 2045 F:
219 1980 303 2045 adv.
320 1981 428 2046 Colot.
443 2001 476 2069 p.
495 2002 587 2050 1122.
602 1984 655 2047 D:
681 1982 770 2047 Plato
784 1983 864 2068 Leg.
877 1982 938 2045 XI.
958 2001 992 2065 p.
1004 1981 1078 2063 673.
1089 1980 1128 2043 B.
1145 1989 1184 2043 ut

152 2082 229 2147 alias
244 2084 329 2171 σάρξ.
366 2084 432 2149 Ηὶο
450 2098 542 2150 notat
557 2084 775 2149 discendarum
794 2106 899 2149 rerum
917 2079 1082 2147 materiam
1097 2079 1183 2164 qusfi

152 2195 295 2248 teneram
310 2197 344 2249 et
358 2184 564 2264 fructuosam,
586 2183 820 2249 nutrimentum
838 2181 986 2270 augendo
1000 2179 1109 2244 animo
1122 2201 1182 2265 ap·

152 2296 236 2348 tum.
280 2284 333 2348 Sic
352 2284 393 2349 de
411 2284 645 2349 medicamento
666 2305 699 2370 p.
714 2298 768 2366 54.
783 2285 822 2347 E.
844 2284 876 2346 τδ
897 2289 1015 2368 σαρκοῦν
1032 2285 1080 2371 σῆς
1100 2279 1181 2342 δοιά.

151 2411 234 2467 μιοις.
269 2405 340 2471 130.
352 2387 395 2451 A.
410 2388 474 2471 ίχὺν
486 2392 656 2473 σαρκοῦσαν.
693 2384 886 2449 Conferatur
899 2386 945 2448 H.
959 2381 1072 2467 Steph.
1086 2380 1179 2447 mes.

150 2488 190 2553 L.
207 2489 264 2552 Gr.
279 2489 321 2552 Τ.
338 2490 400 2553 III.
422 2509 455 2573 p.
473 2503 546 2574 743.

193 2605 246 2676 79.
264 2589 303 2654 C.
326 2589 489 2675 Σιμωνίδης]
515 2588 706 2653 Notavimus
721 2588 761 2652 ad
777 2610 809 2674 p.
821 2607 876 2668 41.
890 2590 925 2651 F.

194 2707 246 2779 79.
260 2691 303 2758 D.
327 2693 461 2755 Πλάτωνι
475 2692 497 2778 ι]
512 2693 804 2776 Ξενοφῶντι-χνοῦν]
820 2692 878 2754 oe
890 2701 1081 2776 argumento
1097 2709 1180 2774 prse-

151 2793 235 2856 clara
256 2793 353 2856 exstat
371 2794 501 2858 Senecae
515 2792 612 2878 Epist.
630 2793 753 2859 CVIII.
769 2791 854 2856 unde
868 2789 1016 2877 quaedam
1030 2790 1179 2875 apposui·

151 2912 224 2955 mus
245 2890 286 2954 ad
308 2912 340 2976 p.
354 2911 409 2976 3ο.
426 2891 466 2956 C.
501 2892 716 2978 Ἀποδρίπιθαη,
735 2894 895 2978 decerpere,
916 2905 955 2954 ut
975 2890 1104 2976 fimplex
1118 2890 1179 2978 δρί·

150 2999 253 3072 πιάδος,
275 2993 363 3080 quod
385 2994 565 3060 notavimus
586 2995 628 3059 ad
649 3016 682 3080 p.
697 3015 752 3080 43.
768 2996 815 3058 C:
838 2996 941 3083 δρόσος,
958 3017 1015 3075 σοι,
1034 2993 1181 3073 suaviter,

151 3092 302 3179 fiquidem
316 3095 428 3157 cicada
441 3118 505 3157 rore
523 3095 707 3182 pascuntur:
728 3103 823 3179 χνοῦς,
837 3095 960 3182 lanugo,
974 3118 1047 3181 quae
1066 3095 1100 3158 in
1120 3117 1181 3181 po-

150 3193 224 3271 mis,
239 3193 410 3280 juventute
429 3193 596 3258 hominum
620 3195 869 3280 animaliumque
890 3195 1103 3281 quorumdam
1120 3217 1180 3281 ap·

150 3309 255 3381 paret,
277 3294 441 3381 eleganter
461 3296 651 3359 transfertur
669 3295 711 3359 ad
730 3296 882 3361 orationis
904 3296 1120 3383 integritatem
1143 3317 1181 3362 ao

151 3396 364 3462 teneritatem.
402 3396 461 3460 Sic.
476 3396 646 3484 Dionyfius
669 3396 775 3462 Helio.
797 3397 986 3484 aliquoties:
1008 3400 1060 3463 De
1076 3398 1180 3463 Com·

151 3499 243 3585 polit.
270 3499 349 3584 Cap.
367 3500 473 3564 XXV.
497 3520 531 3584 p.
548 3518 602 3584 30.
641 3500 694 3563 De
715 3500 881 3564 Demosth.
903 3501 946 3564 Vi
969 3500 1050 3586 Cap.
1066 3502 1123 3563 LI.
1146 3522 1180 3586 p.

100 3673 101 3676 ¹
154 3618 228 3685 194.
248 3621 435 3685 comparans
456 3612 597 3665 oratores
618 3600 792 3686 pictoribus
812 3600 909 3664 σπίλιι
929 3601 951 3686 ι]
970 3607 1054 3685 χνοῦς
1075 3600 1181 3685 expri··

152 3698 326 3764 mentibus.
363 3701 423 3786 Ep.
440 3699 482 3763 ad
502 3701 642 3786 Pompei.
660 3701 742 3787 Cap.
760 3702 804 3765 ll.
828 3722 860 3786 p.
877 3718 956 3785 127:
978 3699 1019 3765 de
1043 3700 1182 3765 Platonis

152 3801 305 3879 diolione,
328 3800 353 3879 δ’,
371 3827 403 3864 τι
422 3806 503 3875 vitoe
521 3801 657 3887 αι’νσζηκοι]
673 3810 757 3887 χνοῦς
773 3808 820 3878 τῆς
836 3803 1020 3890 ἂρχοιιίτητος
1031 3801 1121 3889 η’ρίμοι
1135 3801 1182 3878 καὶ

153 3901 309 3979 λεληθίτοος
332 3901 479 3987 ίιιιτρίχιι,
502 3902 620 3986 χλοερόν
640 3902 672 3966 τὲ
692 3928 719 3965 τι
739 3901 786 3981 κα]
806 3906 920 3980 τιδηλδς
937 3902 984 3983 κα]
1005 3905 1088 3983 μεςὸν
1110 3901 1182 3991 ripa:

152 4003 310 4082 ἀναδίδωσι,
331 4002 410 4067 item
430 4005 483 4069 De
504 4003 669 4068 Demosth.
695 4003 738 4068 Vi
766 4004 847 4089 Cap.
869 4006 911 4070 V.
932 4025 966 4089 p.
988 4006 1060 4067 166.
1097 4004 1180 4070 lbid.

154 4108 346 4171 XXXVIII.
370 4126 402 4190 p.
422 4107 481 4169 186
494 4130 502 4169 ε
525 4109 671 4191 -ὲπανδῇ
683 4129 725 4178 τις
738 4108 835 4179 αὐταῖς
845 4112 929 4191 χνοῦς
943 4109 1122 4192 ἀρχαιοπινὴς
1135 4105 1183 4184 ιο]

151 4208 239 4296 χάρις
253 4205 378 4282 etlam.
411 4206 611 4275 lamblichus
624 4207 692 4278 Vit.
705 4206 840 4296 Pythrg.
854 4207 888 4295 §.
903 4222 961 4291 157
976 4232 985 4272 t
1009 4207 1182 4292 ι’νῐομνίμοίοι
