<?xml version="1.0" encoding="UTF-8"?>
<!DOCTYPE html PUBLIC "-//W3C//DTD XHTML 1.0 Transitional//EN"
    "http://www.w3.org/TR/xhtml1/DTD/xhtml1-transitional.dtd">
<html xmlns="http://www.w3.org/1999/xhtml" xml:lang="en" lang="en">
 <head>
  <title>
</title>
<meta http-equiv="Content-Type" content="text/html;charset=utf-8" />
  <meta name='ocr-system' content='tesseract 3.04.00' />
  <meta name='ocr-capabilities' content='ocr_page ocr_carea ocr_par ocr_line ocrx_word'/>
</head>
<body>
  <div class='ocr_page' id='page_1' title='image "./plutarchichaero01plutgoog_0481.png"; bbox 0 0 2692 4770; ppageno 0'>
   <div class='ocr_carea' id='block_1_1' title="bbox 234 302 1114 366">
    <p class='ocr_par' dir='ltr' id='par_1_1' title="bbox 234 302 1114 366">
     <span class='ocr_line' id='line_1_1' title="bbox 234 302 1114 366; baseline 0.005 -7"><span class='ocrx_word' id='word_1_1' title='bbox 234 309 311 360; x_wconf 75' lang='lat' dir='ltr'><strong>tono</strong></span> <span class='ocrx_word' id='word_1_2' title='bbox 373 302 412 361; x_wconf 90' lang='lat' dir='ltr'><strong>D.</strong></span> <span class='ocrx_word' id='word_1_3' title='bbox 427 303 477 361; x_wconf 88' lang='lat' dir='ltr'><strong>W.</strong></span> <span class='ocrx_word' id='word_1_4' title='bbox 497 304 705 364; x_wconf 81' lang='lat' dir='ltr'><strong>ANIMADV.</strong></span> <span class='ocrx_word' id='word_1_5' title='bbox 726 306 772 364; x_wconf 90' lang='lat' dir='ltr'><strong>IN</strong></span> <span class='ocrx_word' id='word_1_6' title='bbox 793 306 1020 366; x_wconf 81' lang='lat' dir='ltr'><strong>PLUTARCHI</strong></span> <span class='ocrx_word' id='word_1_7' title='bbox 1041 306 1114 364; x_wconf 79' lang='lat' dir='ltr'><strong>Lus.</strong></span> 
     </span>
    </p>
   </div>
   <div class='ocr_carea' id='block_1_2' title="bbox 214 461 1260 4086">
    <p class='ocr_par' dir='ltr' id='par_1_2' title="bbox 227 461 1259 754">
     <span class='ocr_line' id='line_1_2' title="bbox 229 461 1259 552; baseline 0.005 -27"><span class='ocrx_word' id='word_1_8' title='bbox 229 461 354 526; x_wconf 82' lang='lat' dir='ltr'><strong>fortasse</strong></span> <span class='ocrx_word' id='word_1_9' title='bbox 375 462 484 529; x_wconf 86' lang='lat' dir='ltr'><strong>solitus</strong></span> <span class='ocrx_word' id='word_1_10' title='bbox 502 478 623 529; x_wconf 82' lang='lat' dir='ltr'><strong>naturae</strong></span> <span class='ocrx_word' id='word_1_11' title='bbox 645 466 775 531; x_wconf 69' lang='lat' dir='ltr'><strong>affatius</strong></span> <span class='ocrx_word' id='word_1_12' title='bbox 797 466 828 530; x_wconf 92' lang='lat' dir='ltr'><strong>in</strong></span> <span class='ocrx_word' id='word_1_13' title='bbox 850 467 953 545; x_wconf 76' lang='lat' dir='ltr'><strong>ludin,</strong></span> <span class='ocrx_word' id='word_1_14' title='bbox 976 487 1093 552; x_wconf 89' lang='lat' dir='ltr'><strong>corpus</strong></span> <span class='ocrx_word' id='word_1_15' title='bbox 1113 486 1171 552; x_wconf 91' lang='lat' dir='ltr'><strong>per</strong></span> <span class='ocrx_word' id='word_1_16' title='bbox 1192 465 1259 530; x_wconf 89' lang='lat' dir='ltr'><strong>hu·</strong></span> 
     </span>
     <span class='ocr_line' id='line_1_3' title="bbox 228 564 1258 651; baseline 0.006 -27"><span class='ocrx_word' id='word_1_17' title='bbox 228 582 319 625; x_wconf 89' lang='lat' dir='ltr'><strong>mum</strong></span> <span class='ocrx_word' id='word_1_18' title='bbox 341 564 507 642; x_wconf 83' lang='lat' dir='ltr'><strong>sternendi,</strong></span> <span class='ocrx_word' id='word_1_19' title='bbox 530 565 617 651; x_wconf 89' lang='lat' dir='ltr'><strong>quod</strong></span> <span class='ocrx_word' id='word_1_20' title='bbox 638 567 680 630; x_wconf 86' lang='lat' dir='ltr'><strong>est</strong></span> <span class='ocrx_word' id='word_1_21' title='bbox 704 566 913 631; x_wconf 85' lang='lat' dir='ltr'><strong>Homericum</strong></span> <span class='ocrx_word' id='word_1_22' title='bbox 938 566 1029 630; x_wconf 83' lang='lat' dir='ltr'>Iliad.</span> <span class='ocrx_word' id='word_1_23' title='bbox 1047 568 1090 631; x_wconf 88' lang='lat' dir='ltr'><strong>X.</strong></span> <span class='ocrx_word' id='word_1_24' title='bbox 1106 586 1182 650; x_wconf 85' lang='lat'><strong>414.</strong></span> <span class='ocrx_word' id='word_1_25' title='bbox 1205 593 1258 630; x_wconf 85' lang='grc' dir='ltr'><strong>κο-</strong></span> 
     </span>
     <span class='ocr_line' id='line_1_4' title="bbox 227 661 1256 754; baseline 0.006 -30"><span class='ocrx_word' id='word_1_26' title='bbox 227 661 376 742; x_wconf 76' lang='grc' dir='ltr'><strong><em>λινδὸμιιος</em></strong></span> <span class='ocrx_word' id='word_1_27' title='bbox 390 669 465 727; x_wconf 72' lang='grc' dir='ltr'><strong><em>κατὰ</em></strong></span> <span class='ocrx_word' id='word_1_28' title='bbox 481 665 588 752; x_wconf 77' lang='grc' dir='ltr'><strong><em>κιίιριι,</em></strong></span> <span class='ocrx_word' id='word_1_29' title='bbox 605 666 828 754; x_wconf 88' lang='lat' dir='ltr'><strong>reprehensum</strong></span> <span class='ocrx_word' id='word_1_30' title='bbox 850 689 870 731; x_wconf 90' lang='lat' dir='ltr'><strong>a</strong></span> <span class='ocrx_word' id='word_1_31' title='bbox 890 668 1021 733; x_wconf 90' lang='lat' dir='ltr'><strong>Platone</strong></span> <span class='ocrx_word' id='word_1_32' title='bbox 1044 670 1123 754; x_wconf 89' lang='lat' dir='ltr'><strong>Rep.</strong></span> <span class='ocrx_word' id='word_1_33' title='bbox 1140 669 1204 731; x_wconf 86' lang='lat'><strong>111.</strong></span> <span class='ocrx_word' id='word_1_34' title='bbox 1221 689 1256 754; x_wconf 88' lang='lat' dir='ltr'><strong>p.</strong></span> 
     </span>
    </p>

    <p class='ocr_par' dir='ltr' id='par_1_3' title="bbox 227 866 1260 1157">
     <span class='ocr_line' id='line_1_5' title="bbox 272 866 1260 959; baseline 0.004 -31"><span class='ocrx_word' id='word_1_35' title='bbox 272 866 343 929; x_wconf 89' lang='lat'><strong>168.</strong></span> <span class='ocrx_word' id='word_1_36' title='bbox 355 868 399 931; x_wconf 91' lang='lat' dir='ltr'><strong>D.</strong></span> <span class='ocrx_word' id='word_1_37' title='bbox 413 869 578 955; x_wconf 70' lang='grc' dir='ltr'><strong><em>ἐξαγορεύει]</em></strong></span> <span class='ocrx_word' id='word_1_38' title='bbox 604 870 752 949; x_wconf 75' lang='lat' dir='ltr'><em>enunciat,</em></span> <span class='ocrx_word' id='word_1_39' title='bbox 772 869 939 959; x_wconf 70' lang='lat' dir='ltr'><strong>prefitetur,</strong></span> <span class='ocrx_word' id='word_1_40' title='bbox 955 883 1116 955; x_wconf 83' lang='lat' dir='ltr'><strong>tamquam</strong></span> <span class='ocrx_word' id='word_1_41' title='bbox 1131 891 1150 932; x_wconf 88' lang='lat' dir='ltr'><strong>a</strong></span> <span class='ocrx_word' id='word_1_42' title='bbox 1166 867 1260 932; x_wconf 84' lang='lat' dir='ltr'><strong>furiis</strong></span> 
     </span>
     <span class='ocr_line' id='line_1_6' title="bbox 227 965 1256 1057; baseline 0.003 -28"><span class='ocrx_word' id='word_1_43' title='bbox 227 965 375 1031; x_wconf 75' lang='lat' dir='ltr'><strong>coadius:</strong></span> <span class='ocrx_word' id='word_1_44' title='bbox 399 990 449 1032; x_wconf 92' lang='lat' dir='ltr'><strong>res</strong></span> <span class='ocrx_word' id='word_1_45' title='bbox 461 983 496 1033; x_wconf 90' lang='lat' dir='ltr'><strong>et</strong></span> <span class='ocrx_word' id='word_1_46' title='bbox 516 991 633 1035; x_wconf 90' lang='lat' dir='ltr'><strong>nomen</strong></span> <span class='ocrx_word' id='word_1_47' title='bbox 652 970 686 1036; x_wconf 92' lang='lat' dir='ltr'><strong>in</strong></span> <span class='ocrx_word' id='word_1_48' title='bbox 705 970 767 1035; x_wconf 91' lang='lat' dir='ltr'><strong>hoc</strong></span> <span class='ocrx_word' id='word_1_49' title='bbox 785 986 974 1057; x_wconf 80' lang='lat' dir='ltr'><strong>argumento</strong></span> <span class='ocrx_word' id='word_1_50' title='bbox 995 970 1256 1055; x_wconf 80' lang='lat' dir='ltr'><strong>frequentanturr</strong></span> 
     </span>
     <span class='ocr_line' id='line_1_7' title="bbox 227 1067 964 1157; baseline 0.008 -29"><span class='ocrx_word' id='word_1_51' title='bbox 227 1067 407 1133; x_wconf 84' lang='lat' dir='ltr'><strong>notavimus</strong></span> <span class='ocrx_word' id='word_1_52' title='bbox 423 1067 462 1133; x_wconf 90' lang='lat' dir='ltr'><strong>ad</strong></span> <span class='ocrx_word' id='word_1_53' title='bbox 477 1071 544 1135; x_wconf 78' lang='lat' dir='ltr'><strong>ser.</strong></span> <span class='ocrx_word' id='word_1_54' title='bbox 559 1073 661 1135; x_wconf 88' lang='lat' dir='ltr'><strong>Num.</strong></span> <span class='ocrx_word' id='word_1_55' title='bbox 675 1071 772 1136; x_wconf 90' lang='lat' dir='ltr'><strong>Vind.</strong></span> <span class='ocrx_word' id='word_1_56' title='bbox 788 1091 821 1157; x_wconf 91' lang='lat' dir='ltr'><strong>p.</strong></span> <span class='ocrx_word' id='word_1_57' title='bbox 835 1073 910 1154; x_wconf 86' lang='lat'><strong>566.</strong></span> <span class='ocrx_word' id='word_1_58' title='bbox 925 1073 964 1134; x_wconf 86' lang='lat' dir='ltr'><strong>E.</strong></span> 
     </span>
    </p>

    <p class='ocr_par' dir='ltr' id='par_1_4' title="bbox 225 1166 1256 1636">
     <span class='ocr_line' id='line_1_8' title="bbox 271 1166 1256 1256; baseline 0.003 -25"><span class='ocrx_word' id='word_1_59' title='bbox 271 1168 343 1232; x_wconf 90' lang='lat'><strong>168.</strong></span> <span class='ocrx_word' id='word_1_60' title='bbox 352 1170 396 1232; x_wconf 95' lang='lat' dir='ltr'><strong>D.</strong></span> <span class='ocrx_word' id='word_1_61' title='bbox 416 1171 514 1256; x_wconf 69' lang='grc' dir='ltr'>πράῳ]</span> <span class='ocrx_word' id='word_1_62' title='bbox 542 1172 656 1234; x_wconf 83' lang='lat' dir='ltr'><strong>Forma</strong></span> <span class='ocrx_word' id='word_1_63' title='bbox 671 1170 826 1234; x_wconf 83' lang='lat' dir='ltr'><strong>ioeminini</strong></span> <span class='ocrx_word' id='word_1_64' title='bbox 841 1171 896 1235; x_wconf 88' lang='lat' dir='ltr'><strong>ista</strong></span> <span class='ocrx_word' id='word_1_65' title='bbox 910 1192 974 1235; x_wconf 90' lang='lat' dir='ltr'><strong>non</strong></span> <span class='ocrx_word' id='word_1_66' title='bbox 989 1169 1075 1247; x_wconf 87' lang='lat' dir='ltr'><strong>alibi,</strong></span> <span class='ocrx_word' id='word_1_67' title='bbox 1090 1168 1179 1255; x_wconf 90' lang='lat' dir='ltr'><strong>quod</strong></span> <span class='ocrx_word' id='word_1_68' title='bbox 1194 1166 1256 1234; x_wconf 91' lang='lat' dir='ltr'><strong>sci·</strong></span> 
     </span>
     <span class='ocr_line' id='line_1_9' title="bbox 225 1271 1255 1359; baseline 0.004 -26"><span class='ocrx_word' id='word_1_69' title='bbox 225 1290 290 1349; x_wconf 84' lang='lat' dir='ltr'><strong>am,</strong></span> <span class='ocrx_word' id='word_1_70' title='bbox 311 1292 331 1334; x_wconf 87' lang='lat' dir='ltr'><strong>a</strong></span> <span class='ocrx_word' id='word_1_71' title='bbox 351 1293 403 1335; x_wconf 90' lang='lat' dir='ltr'><strong>me</strong></span> <span class='ocrx_word' id='word_1_72' title='bbox 425 1271 543 1336; x_wconf 67' lang='lat' dir='ltr'><strong>ledum</strong></span> <span class='ocrx_word' id='word_1_73' title='bbox 566 1294 706 1337; x_wconf 69' lang='lat' dir='ltr'><strong>nomena</strong></span> <span class='ocrx_word' id='word_1_74' title='bbox 729 1288 827 1352; x_wconf 90' lang='lat' dir='ltr'><strong>certe,</strong></span> <span class='ocrx_word' id='word_1_75' title='bbox 843 1296 906 1337; x_wconf 92' lang='lat' dir='ltr'><strong>non</strong></span> <span class='ocrx_word' id='word_1_76' title='bbox 923 1273 1008 1359; x_wconf 89' lang='lat' dir='ltr'><strong>apud</strong></span> <span class='ocrx_word' id='word_1_77' title='bbox 1025 1273 1230 1337; x_wconf 89' lang='lat' dir='ltr'><strong>Plutarchum</strong></span> <span class='ocrx_word' id='word_1_78' title='bbox 1245 1295 1255 1350; x_wconf 88' lang='lat'>;</span> 
     </span>
     <span class='ocr_line' id='line_1_10' title="bbox 225 1371 1256 1460; baseline 0.004 -27"><span class='ocrx_word' id='word_1_79' title='bbox 225 1371 344 1457; x_wconf 80' lang='lat' dir='ltr'>quippe</span> <span class='ocrx_word' id='word_1_80' title='bbox 358 1376 457 1459; x_wconf 67' lang='lat' dir='ltr'><strong>spacia</strong></span> <span class='ocrx_word' id='word_1_81' title='bbox 472 1373 649 1458; x_wconf 85' lang='lat' dir='ltr'><strong>usurpatur.</strong></span> <span class='ocrx_word' id='word_1_82' title='bbox 686 1374 802 1460; x_wconf 85' lang='lat' dir='ltr'>Neque</span> <span class='ocrx_word' id='word_1_83' title='bbox 823 1386 929 1438; x_wconf 90' lang='lat' dir='ltr'><strong>tamen</strong></span> <span class='ocrx_word' id='word_1_84' title='bbox 953 1373 1016 1438; x_wconf 87' lang='lat' dir='ltr'><strong>hoc</strong></span> <span class='ocrx_word' id='word_1_85' title='bbox 1030 1394 1184 1458; x_wconf 87' lang='lat' dir='ltr'><strong>reponere</strong></span> <span class='ocrx_word' id='word_1_86' title='bbox 1197 1395 1256 1437; x_wconf 91' lang='lat' dir='ltr'><strong>vo·</strong></span> 
     </span>
     <span class='ocr_line' id='line_1_11' title="bbox 225 1469 1255 1560; baseline 0.003 -25"><span class='ocrx_word' id='word_1_87' title='bbox 225 1469 304 1536; x_wconf 89' lang='lat' dir='ltr'><strong>lenti</strong></span> <span class='ocrx_word' id='word_1_88' title='bbox 320 1471 441 1538; x_wconf 80' lang='lat' dir='ltr'><strong>Reissrio</strong></span> <span class='ocrx_word' id='word_1_89' title='bbox 454 1472 600 1537; x_wconf 80' lang='lat' dir='ltr'><strong>allentior</strong></span> <span class='ocrx_word' id='word_1_90' title='bbox 608 1498 619 1553; x_wconf 89' lang='lat'>;</span> <span class='ocrx_word' id='word_1_91' title='bbox 642 1496 742 1560; x_wconf 91' lang='lat' dir='ltr'><strong>quum</strong></span> <span class='ocrx_word' id='word_1_92' title='bbox 765 1473 798 1538; x_wconf 92' lang='lat' dir='ltr'><strong>in</strong></span> <span class='ocrx_word' id='word_1_93' title='bbox 816 1473 946 1560; x_wconf 83' lang='lat' dir='ltr'><strong>vulgata</strong></span> <span class='ocrx_word' id='word_1_94' title='bbox 960 1495 1072 1538; x_wconf 90' lang='lat' dir='ltr'><strong>omnes</strong></span> <span class='ocrx_word' id='word_1_95' title='bbox 1085 1472 1157 1538; x_wconf 91' lang='lat' dir='ltr'>libri</span> <span class='ocrx_word' id='word_1_96' title='bbox 1172 1494 1255 1538; x_wconf 87' lang='lat' dir='ltr'><strong>oon·</strong></span> 
     </span>
     <span class='ocr_line' id='line_1_12' title="bbox 226 1571 373 1636; baseline 0 -1"><span class='ocrx_word' id='word_1_97' title='bbox 226 1571 373 1636; x_wconf 86' lang='lat' dir='ltr'><strong>sentiant.</strong></span> 
     </span>
    </p>

    <p class='ocr_par' dir='ltr' id='par_1_5' title="bbox 224 1673 1257 2067">
     <span class='ocr_line' id='line_1_13' title="bbox 271 1673 1255 1761; baseline 0.005 -26"><span class='ocrx_word' id='word_1_98' title='bbox 271 1675 341 1737; x_wconf 90' lang='lat'><strong>168.</strong></span> <span class='ocrx_word' id='word_1_99' title='bbox 353 1674 397 1737; x_wconf 94' lang='lat' dir='ltr'><strong>D.</strong></span> <span class='ocrx_word' id='word_1_100' title='bbox 419 1673 879 1761; x_wconf 57' lang='grc' dir='ltr'><strong><em>τεςιδυόμενος-ιτεμιματδδμινοῂ</em></strong></span> <span class='ocrx_word' id='word_1_101' title='bbox 903 1674 1125 1740; x_wconf 85' lang='lat' dir='ltr'><strong>Consulendus</strong></span> <span class='ocrx_word' id='word_1_102' title='bbox 1138 1675 1179 1740; x_wconf 86' lang='lat' dir='ltr'><strong>de</strong></span> <span class='ocrx_word' id='word_1_103' title='bbox 1192 1673 1255 1740; x_wconf 81' lang='lat' dir='ltr'><strong>hae</strong></span> 
     </span>
     <span class='ocr_line' id='line_1_14' title="bbox 225 1774 1257 1869; baseline 0.007 -33"><span class='ocrx_word' id='word_1_104' title='bbox 225 1776 390 1840; x_wconf 88' lang='lat' dir='ltr'><strong>verborum</strong></span> <span class='ocrx_word' id='word_1_105' title='bbox 415 1774 518 1840; x_wconf 81' lang='lat' dir='ltr'><strong>forma</strong></span> <span class='ocrx_word' id='word_1_106' title='bbox 540 1789 574 1840; x_wconf 91' lang='lat' dir='ltr'><strong>et</strong></span> <span class='ocrx_word' id='word_1_107' title='bbox 595 1775 635 1841; x_wconf 89' lang='lat' dir='ltr'><strong>de</strong></span> <span class='ocrx_word' id='word_1_108' title='bbox 657 1799 691 1842; x_wconf 91' lang='lat' dir='ltr'><strong>re</strong></span> <span class='ocrx_word' id='word_1_109' title='bbox 713 1777 778 1863; x_wconf 87' lang='lat' dir='ltr'><strong>ipsa</strong></span> <span class='ocrx_word' id='word_1_110' title='bbox 801 1777 840 1869; x_wconf 82' lang='lat' dir='ltr'><strong>ll.</strong></span> <span class='ocrx_word' id='word_1_111' title='bbox 858 1778 1061 1841; x_wconf 90' lang='lat' dir='ltr'><strong>Casaubonns</strong></span> <span class='ocrx_word' id='word_1_112' title='bbox 1082 1776 1123 1841; x_wconf 88' lang='lat' dir='ltr'><strong>ad</strong></span> <span class='ocrx_word' id='word_1_113' title='bbox 1143 1777 1257 1843; x_wconf 86' lang='lat' dir='ltr'><strong>Theo·</strong></span> 
     </span>
     <span class='ocr_line' id='line_1_15' title="bbox 224 1878 1255 1967; baseline 0.003 -24"><span class='ocrx_word' id='word_1_114' title='bbox 224 1878 339 1964; x_wconf 82' lang='lat' dir='ltr'><strong>phrasti</strong></span> <span class='ocrx_word' id='word_1_115' title='bbox 355 1879 537 1944; x_wconf 75' lang='lat' dir='ltr'><strong>Charadier.</strong></span> <span class='ocrx_word' id='word_1_116' title='bbox 553 1878 594 1944; x_wconf 90' lang='lat' dir='ltr'><strong>de</strong></span> <span class='ocrx_word' id='word_1_117' title='bbox 609 1880 846 1967; x_wconf 80' lang='lat' dir='ltr'><strong>superstitione,</strong></span> <span class='ocrx_word' id='word_1_118' title='bbox 861 1894 894 1945; x_wconf 94' lang='lat' dir='ltr'><strong>et</strong></span> <span class='ocrx_word' id='word_1_119' title='bbox 908 1880 1009 1943; x_wconf 87' lang='lat' dir='ltr'><strong>nostra</strong></span> <span class='ocrx_word' id='word_1_120' title='bbox 1029 1879 1255 1946; x_wconf 83' lang='lat' dir='ltr'><strong>animadverfio</strong></span> 
     </span>
     <span class='ocr_line' id='line_1_16' title="bbox 224 1980 465 2067; baseline 0.008 -23"><span class='ocrx_word' id='word_1_121' title='bbox 224 1980 264 2044; x_wconf 90' lang='lat' dir='ltr'><strong>ad</strong></span> <span class='ocrx_word' id='word_1_122' title='bbox 287 2004 317 2067; x_wconf 90' lang='lat' dir='ltr'><strong>p.</strong></span> <span class='ocrx_word' id='word_1_123' title='bbox 336 1982 407 2046; x_wconf 89' lang='grc'><strong>166.</strong></span> <span class='ocrx_word' id='word_1_124' title='bbox 422 1983 465 2046; x_wconf 89' lang='lat' dir='ltr'><strong>A.</strong></span> 
     </span>
    </p>

    <p class='ocr_par' dir='ltr' id='par_1_6' title="bbox 214 2081 1255 4086">
     <span class='ocr_line' id='line_1_17' title="bbox 269 2081 1255 2167; baseline 0.002 -23"><span class='ocrx_word' id='word_1_125' title='bbox 269 2082 340 2145; x_wconf 87' lang='grc'><strong>168.</strong></span> <span class='ocrx_word' id='word_1_126' title='bbox 355 2082 399 2146; x_wconf 91' lang='lat' dir='ltr'><strong>D.</strong></span> <span class='ocrx_word' id='word_1_127' title='bbox 421 2083 499 2161; x_wconf 75' lang='grc' dir='ltr'><strong><em>φησὶν</em></strong></span> <span class='ocrx_word' id='word_1_128' title='bbox 514 2085 527 2146; x_wconf 83' lang='grc' dir='ltr'><strong><em>δ</em></strong></span> <span class='ocrx_word' id='word_1_129' title='bbox 542 2082 668 2167; x_wconf 72' lang='lat' dir='ltr'><strong>sta—J</strong></span> <span class='ocrx_word' id='word_1_130' title='bbox 698 2082 805 2148; x_wconf 89' lang='lat' dir='ltr'><strong>Aoute</strong></span> <span class='ocrx_word' id='word_1_131' title='bbox 827 2083 904 2146; x_wconf 76' lang='lat' dir='ltr'><strong>vidit</strong></span> <span class='ocrx_word' id='word_1_132' title='bbox 927 2082 965 2146; x_wconf 90' lang='lat' dir='ltr'><strong>Is.</strong></span> <span class='ocrx_word' id='word_1_133' title='bbox 982 2082 1188 2146; x_wconf 71' lang='lat' dir='ltr'>casaubonus</span> <span class='ocrx_word' id='word_1_134' title='bbox 1210 2081 1255 2146; x_wconf 83' lang='lat' dir='ltr'><strong>ad</strong></span> 
     </span>
     <span class='ocr_line' id='line_1_18' title="bbox 223 2180 1254 2273; baseline 0 -27"><span class='ocrx_word' id='word_1_135' title='bbox 223 2182 405 2268; x_wconf 84' lang='lat' dir='ltr'><strong>Diogenem</strong></span> <span class='ocrx_word' id='word_1_136' title='bbox 429 2184 535 2246; x_wconf 90' lang='lat' dir='ltr'><strong>Laert.</strong></span> <span class='ocrx_word' id='word_1_137' title='bbox 554 2181 587 2245; x_wconf 94' lang='lat' dir='ltr'><strong>in</strong></span> <span class='ocrx_word' id='word_1_138' title='bbox 607 2183 671 2246; x_wconf 86' lang='lat' dir='ltr'><strong>vita</strong></span> <span class='ocrx_word' id='word_1_139' title='bbox 686 2183 807 2273; x_wconf 85' lang='lat' dir='ltr'><strong>Bionis,</strong></span> <span class='ocrx_word' id='word_1_140' title='bbox 827 2182 947 2247; x_wconf 67' lang='lat' dir='ltr'><strong>disum</strong></span> <span class='ocrx_word' id='word_1_141' title='bbox 964 2180 1126 2267; x_wconf 79' lang='lat' dir='ltr'><strong>quoddam</strong></span> <span class='ocrx_word' id='word_1_142' title='bbox 1139 2180 1254 2247; x_wconf 77' lang='lat' dir='ltr'>Bionis</span> 
     </span>
     <span class='ocr_line' id='line_1_19' title="bbox 222 2281 1253 2369; baseline 0.003 -24"><span class='ocrx_word' id='word_1_143' title='bbox 222 2282 365 2346; x_wconf 75' lang='lat' dir='ltr'><strong>exstitisse</strong></span> <span class='ocrx_word' id='word_1_144' title='bbox 381 2281 563 2368; x_wconf 81' lang='lat' dir='ltr'><strong>hujusmodi</strong></span> <span class='ocrx_word' id='word_1_145' title='bbox 578 2283 670 2368; x_wconf 87' lang='lat' dir='ltr'><strong>quale</strong></span> <span class='ocrx_word' id='word_1_146' title='bbox 689 2282 742 2347; x_wconf 91' lang='lat' dir='ltr'><strong>hic</strong></span> <span class='ocrx_word' id='word_1_147' title='bbox 762 2283 939 2369; x_wconf 87' lang='lat' dir='ltr'><strong>proditura</strong></span> <span class='ocrx_word' id='word_1_148' title='bbox 955 2282 1136 2360; x_wconf 86' lang='lat' dir='ltr'><strong>Plutarcho,</strong></span> <span class='ocrx_word' id='word_1_149' title='bbox 1152 2282 1253 2368; x_wconf 83' lang='lat' dir='ltr'><strong>idque</strong></span> 
     </span>
     <span class='ocr_line' id='line_1_20' title="bbox 221 2383 1250 2470; baseline -0.001 -22"><span class='ocrx_word' id='word_1_150' title='bbox 221 2383 324 2470; x_wconf 79' lang='lat' dir='ltr'><strong>ipsum</strong></span> <span class='ocrx_word' id='word_1_151' title='bbox 339 2405 358 2446; x_wconf 91' lang='lat' dir='ltr'><strong>a</strong></span> <span class='ocrx_word' id='word_1_152' title='bbox 372 2385 520 2470; x_wconf 84' lang='lat' dir='ltr'><strong>Diogene</strong></span> <span class='ocrx_word' id='word_1_153' title='bbox 535 2384 711 2470; x_wconf 82' lang='lat' dir='ltr'><strong>fignificari,</strong></span> <span class='ocrx_word' id='word_1_154' title='bbox 728 2386 786 2449; x_wconf 91' lang='lat' dir='ltr'><strong>IV.</strong></span> <span class='ocrx_word' id='word_1_155' title='bbox 801 2402 820 2469; x_wconf 84' lang='lat'><em>5</em></span> <span class='ocrx_word' id='word_1_156' title='bbox 822 2400 940 2470; x_wconf 85' lang='lat'><strong>5-57.</strong></span> <span class='ocrx_word' id='word_1_157' title='bbox 956 2398 1088 2449; x_wconf 90' lang='lat' dir='ltr'><strong>notante</strong></span> <span class='ocrx_word' id='word_1_158' title='bbox 1101 2384 1250 2461; x_wconf 89' lang='lat' dir='ltr'><strong>Bionem‚</strong></span> 
     </span>
     <span class='ocr_line' id='line_1_21' title="bbox 221 2483 1251 2570; baseline 0.002 -24"><span class='ocrx_word' id='word_1_159' title='bbox 221 2484 276 2569; x_wconf 91' lang='lat' dir='ltr'><strong>qui</strong></span> <span class='ocrx_word' id='word_1_160' title='bbox 291 2506 391 2570; x_wconf 91' lang='lat' dir='ltr'><strong>quum</strong></span> <span class='ocrx_word' id='word_1_161' title='bbox 410 2498 504 2547; x_wconf 88' lang='lat' dir='ltr'><strong>antea</strong></span> <span class='ocrx_word' id='word_1_162' title='bbox 524 2484 610 2548; x_wconf 86' lang='lat' dir='ltr'><strong>istam</strong></span> <span class='ocrx_word' id='word_1_163' title='bbox 626 2483 871 2570; x_wconf 87' lang='lat' dir='ltr'><strong>superstitionem</strong></span> <span class='ocrx_word' id='word_1_164' title='bbox 887 2484 1003 2561; x_wconf 83' lang='lat' dir='ltr'><strong>rifillet,</strong></span> <span class='ocrx_word' id='word_1_165' title='bbox 1017 2484 1122 2569; x_wconf 87' lang='lat' dir='ltr'><strong>postea</strong></span> <span class='ocrx_word' id='word_1_166' title='bbox 1135 2484 1251 2548; x_wconf 90' lang='lat' dir='ltr'><strong>morbo</strong></span> 
     </span>
     <span class='ocr_line' id='line_1_22' title="bbox 221 2584 1249 2671; baseline -0.003 -22"><span class='ocrx_word' id='word_1_167' title='bbox 221 2599 256 2649; x_wconf 90' lang='lat' dir='ltr'><strong>et</strong></span> <span class='ocrx_word' id='word_1_168' title='bbox 273 2584 384 2649; x_wconf 89' lang='lat' dir='ltr'><strong>mortis</strong></span> <span class='ocrx_word' id='word_1_169' title='bbox 399 2598 488 2648; x_wconf 88' lang='lat' dir='ltr'><strong>metu</strong></span> <span class='ocrx_word' id='word_1_170' title='bbox 502 2586 542 2649; x_wconf 86' lang='lat' dir='ltr'><strong>ad</strong></span> <span class='ocrx_word' id='word_1_171' title='bbox 559 2608 628 2649; x_wconf 87' lang='lat' dir='ltr'><strong>eam</strong></span> <span class='ocrx_word' id='word_1_172' title='bbox 645 2585 675 2648; x_wconf 85' lang='lat' dir='ltr'><strong>se</strong></span> <span class='ocrx_word' id='word_1_173' title='bbox 688 2584 894 2671; x_wconf 79' lang='lat' dir='ltr'><strong>applicuerit:</strong></span> <span class='ocrx_word' id='word_1_174' title='bbox 919 2584 964 2663; x_wconf 74' lang='lat' dir='ltr'><strong>sal</strong></span> <span class='ocrx_word' id='word_1_175' title='bbox 977 2584 1067 2671; x_wconf 74' lang='grc' dir='ltr'><strong><em>ὕςερὸι</em></strong></span> <span class='ocrx_word' id='word_1_176' title='bbox 1080 2610 1145 2646; x_wconf 81' lang='grc' dir='ltr'><strong><em>ποτε</em></strong></span> <span class='ocrx_word' id='word_1_177' title='bbox 1160 2587 1249 2666; x_wconf 68' lang='grc' dir='ltr'><strong><em>ἐμοι·</em></strong></span> 
     </span>
     <span class='ocr_line' id='line_1_23' title="bbox 221 2683 1250 2769; baseline -0.002 -20"><span class='ocrx_word' id='word_1_178' title='bbox 221 2685 276 2749; x_wconf 74' lang='lat' dir='ltr'><strong>roli</strong></span> <span class='ocrx_word' id='word_1_179' title='bbox 299 2692 334 2761; x_wconf 68' lang='grc' dir='ltr'><strong>εἰς</strong></span> <span class='ocrx_word' id='word_1_180' title='bbox 351 2686 436 2763; x_wconf 77' lang='grc' dir='ltr'><strong><em>νόσον,</em></strong></span> <span class='ocrx_word' id='word_1_181' title='bbox 456 2688 491 2759; x_wconf 82' lang='grc' dir='ltr'><strong>ὠς</strong></span> <span class='ocrx_word' id='word_1_182' title='bbox 513 2684 631 2767; x_wconf 67' lang='grc' dir='ltr'><strong><em>ἔφασκον</em></strong></span> <span class='ocrx_word' id='word_1_183' title='bbox 653 2691 677 2748; x_wconf 76' lang='grc' dir='ltr'><strong>οἱ</strong></span> <span class='ocrx_word' id='word_1_184' title='bbox 698 2689 724 2749; x_wconf 82' lang='grc' dir='ltr'><strong>ἐν</strong></span> <span class='ocrx_word' id='word_1_185' title='bbox 748 2686 882 2764; x_wconf 71' lang='grc' dir='ltr'><strong><em>Χαλκίδι,</em></strong></span> <span class='ocrx_word' id='word_1_186' title='bbox 901 2686 997 2748; x_wconf 70' lang='grc' dir='ltr'><strong><em>αὐτόθι</em></strong></span> <span class='ocrx_word' id='word_1_187' title='bbox 1018 2689 1076 2769; x_wconf 75' lang='grc' dir='ltr'><strong>γὰρ</strong></span> <span class='ocrx_word' id='word_1_188' title='bbox 1093 2683 1139 2762; x_wconf 59' lang='grc' dir='ltr'><strong><em>καὶ</em></strong></span> <span class='ocrx_word' id='word_1_189' title='bbox 1161 2685 1250 2747; x_wconf 75' lang='grc' dir='ltr'><strong><em>κατί-</em></strong></span> 
     </span>
     <span class='ocr_line' id='line_1_24' title="bbox 220 2783 1250 2873; baseline -0.006 -23"><span class='ocrx_word' id='word_1_190' title='bbox 220 2789 317 2873; x_wconf 71' lang='grc' dir='ltr'><strong>ςμεψε,</strong></span> <span class='ocrx_word' id='word_1_191' title='bbox 333 2786 471 2873; x_wconf 59' lang='lat' dir='ltr'><strong>seplasia</strong></span> <span class='ocrx_word' id='word_1_192' title='bbox 484 2785 577 2850; x_wconf 69' lang='grc' dir='ltr'><strong>λαὸἆν</strong></span> <span class='ocrx_word' id='word_1_193' title='bbox 592 2784 702 2864; x_wconf 71' lang='grc' dir='ltr'><strong>ἐτάθη,</strong></span> <span class='ocrx_word' id='word_1_194' title='bbox 727 2784 772 2864; x_wconf 50' lang='grc' dir='ltr'><strong><em>καὶ</em></strong></span> <span class='ocrx_word' id='word_1_195' title='bbox 785 2789 1000 2870; x_wconf 82' lang='grc' dir='ltr'><strong><em>μεταγινώσκειν</em></strong></span> <span class='ocrx_word' id='word_1_196' title='bbox 1022 2788 1061 2864; x_wconf 73' lang='grc' dir='ltr'><strong>ἐφ’</strong></span> <span class='ocrx_word' id='word_1_197' title='bbox 1083 2783 1119 2858; x_wconf 73' lang='grc' dir='ltr'><strong>οἷς</strong></span> <span class='ocrx_word' id='word_1_198' title='bbox 1138 2788 1250 2866; x_wconf 63' lang='lat' dir='ltr'><strong>inasp-</strong></span> 
     </span>
     <span class='ocr_line' id='line_1_25' title="bbox 219 2886 1251 2970; baseline -0.002 -19"><span class='ocrx_word' id='word_1_199' title='bbox 219 2889 323 2970; x_wconf 75' lang='grc' dir='ltr'><strong><em>μέλησι</em></strong></span> <span class='ocrx_word' id='word_1_200' title='bbox 340 2892 364 2960; x_wconf 80' lang='grc' dir='ltr'><strong>ἐς</strong></span> <span class='ocrx_word' id='word_1_201' title='bbox 378 2889 408 2949; x_wconf 85' lang='grc' dir='ltr'><strong>τδ</strong></span> <span class='ocrx_word' id='word_1_202' title='bbox 423 2891 503 2949; x_wconf 73' lang='grc' dir='ltr'><strong>θεῖον.</strong></span> <span class='ocrx_word' id='word_1_203' title='bbox 548 2888 629 2950; x_wconf 86' lang='lat' dir='ltr'><strong>Mox</strong></span> <span class='ocrx_word' id='word_1_204' title='bbox 652 2886 787 2950; x_wconf 91' lang='lat' dir='ltr'><strong>iambico</strong></span> <span class='ocrx_word' id='word_1_205' title='bbox 801 2901 903 2951; x_wconf 90' lang='lat' dir='ltr'><strong>metro</strong></span> <span class='ocrx_word' id='word_1_206' title='bbox 918 2886 1001 2950; x_wconf 90' lang='lat' dir='ltr'><strong>idem</strong></span> <span class='ocrx_word' id='word_1_207' title='bbox 1024 2898 1130 2950; x_wconf 88' lang='lat' dir='ltr'><strong>narrat</strong></span> <span class='ocrx_word' id='word_1_208' title='bbox 1148 2886 1251 2965; x_wconf 76' lang='lat' dir='ltr'><strong>—Kal</strong></span> 
     </span>
     <span class='ocr_line' id='line_1_26' title="bbox 218 2985 1251 3074; baseline -0.001 -25"><span class='ocrx_word' id='word_1_209' title='bbox 218 2989 289 3074; x_wconf 77' lang='grc' dir='ltr'><strong><em>γραῒ</em></strong></span> <span class='ocrx_word' id='word_1_210' title='bbox 308 2989 389 3048; x_wconf 85' lang='grc' dir='ltr'><strong><em>δῶκεν</em></strong></span> <span class='ocrx_word' id='word_1_211' title='bbox 410 2990 531 3072; x_wconf 67' lang='grc' dir='ltr'><strong><em>εὐμαρῶς</em></strong></span> <span class='ocrx_word' id='word_1_212' title='bbox 546 2987 688 3072; x_wconf 62' lang='grc' dir='ltr'><strong>τράχηλον</strong></span> <span class='ocrx_word' id='word_1_213' title='bbox 703 2992 738 3060; x_wconf 79' lang='grc' dir='ltr'><strong>εἰς</strong></span> <span class='ocrx_word' id='word_1_214' title='bbox 754 2989 863 3072; x_wconf 74' lang='grc' dir='ltr'><strong>ἐπῳδὴν,</strong></span> <span class='ocrx_word' id='word_1_215' title='bbox 880 2987 938 3064; x_wconf 74' lang='lat' dir='ltr'><strong>Kal</strong></span> <span class='ocrx_word' id='word_1_216' title='bbox 952 2987 1078 3050; x_wconf 79' lang='grc' dir='ltr'><strong><em>σκυτίσιν</em></strong></span> <span class='ocrx_word' id='word_1_217' title='bbox 1092 2985 1251 3074; x_wconf 67' lang='grc' dir='ltr'><strong><em>βραχίονας</em></strong></span> 
     </span>
     <span class='ocr_line' id='line_1_27' title="bbox 219 3086 1251 3173; baseline 0.003 -21"><span class='ocrx_word' id='word_1_218' title='bbox 219 3086 399 3168; x_wconf 73' lang='grc' dir='ltr'><strong><em>πεπεισμένος</em></strong></span> <span class='ocrx_word' id='word_1_219' title='bbox 422 3089 450 3171; x_wconf 74' lang='grc' dir='ltr'><strong>γ’</strong></span> <span class='ocrx_word' id='word_1_220' title='bbox 472 3088 560 3163; x_wconf 81' lang='grc' dir='ltr'><strong><em>ἔδησε.</em></strong></span> <span class='ocrx_word' id='word_1_221' title='bbox 597 3086 695 3173; x_wconf 71' lang='lat' dir='ltr'><strong>Quod</strong></span> <span class='ocrx_word' id='word_1_222' title='bbox 709 3087 873 3150; x_wconf 79' lang='lat' dir='ltr'><strong>Salmasius</strong></span> <span class='ocrx_word' id='word_1_223' title='bbox 893 3088 1029 3152; x_wconf 85' lang='lat' dir='ltr'><strong>Exercit.</strong></span> <span class='ocrx_word' id='word_1_224' title='bbox 1045 3087 1078 3152; x_wconf 94' lang='lat' dir='ltr'><strong>in</strong></span> <span class='ocrx_word' id='word_1_225' title='bbox 1095 3086 1194 3150; x_wconf 92' lang='lat' dir='ltr'><strong>Solin.</strong></span> <span class='ocrx_word' id='word_1_226' title='bbox 1215 3109 1251 3173; x_wconf 91' lang='lat' dir='ltr'><strong>p.</strong></span> 
     </span>
     <span class='ocr_line' id='line_1_28' title="bbox 217 3188 1251 3277; baseline -0.001 -23"><span class='ocrx_word' id='word_1_227' title='bbox 217 3207 292 3277; x_wconf 80' lang='lat'><strong>370.</strong></span> <span class='ocrx_word' id='word_1_228' title='bbox 316 3212 346 3254; x_wconf 89' lang='lat' dir='ltr'><strong>a.</strong></span> <span class='ocrx_word' id='word_1_229' title='bbox 363 3191 397 3252; x_wconf 89' lang='lat' dir='ltr'><strong>F.</strong></span> <span class='ocrx_word' id='word_1_230' title='bbox 422 3189 548 3253; x_wconf 71' lang='grc' dir='ltr'><strong><em>σκυτίσιν</em></strong></span> <span class='ocrx_word' id='word_1_231' title='bbox 570 3202 732 3251; x_wconf 88' lang='lat' dir='ltr'><strong>mutatum</strong></span> <span class='ocrx_word' id='word_1_232' title='bbox 754 3189 821 3253; x_wconf 88' lang='lat' dir='ltr'><strong>vult</strong></span> <span class='ocrx_word' id='word_1_233' title='bbox 843 3189 874 3252; x_wconf 92' lang='lat' dir='ltr'><strong>in</strong></span> <span class='ocrx_word' id='word_1_234' title='bbox 897 3190 1014 3268; x_wconf 71' lang='lat' dir='ltr'><strong>norico,</strong></span> <span class='ocrx_word' id='word_1_235' title='bbox 1034 3188 1107 3274; x_wconf 86' lang='lat' dir='ltr'><strong>quia</strong></span> <span class='ocrx_word' id='word_1_236' title='bbox 1127 3188 1251 3253; x_wconf 88' lang='lat' dir='ltr'><strong>scilicet</strong></span> 
     </span>
     <span class='ocr_line' id='line_1_29' title="bbox 218 3289 1252 3377; baseline -0.003 -21"><span class='ocrx_word' id='word_1_237' title='bbox 218 3293 355 3377; x_wconf 77' lang='grc' dir='ltr'><strong><em>σεριάιιδα</em></strong></span> <span class='ocrx_word' id='word_1_238' title='bbox 378 3290 617 3354; x_wconf 84' lang='lat' dir='ltr'><strong>includerentur</strong></span> <span class='ocrx_word' id='word_1_239' title='bbox 644 3289 676 3353; x_wconf 92' lang='lat' dir='ltr'><strong>in</strong></span> <span class='ocrx_word' id='word_1_240' title='bbox 702 3290 800 3367; x_wconf 76' lang='grc' dir='ltr'><strong><em>κύςας,</em></strong></span> <span class='ocrx_word' id='word_1_241' title='bbox 825 3290 930 3376; x_wconf 84' lang='lat' dir='ltr'><strong>itaque</strong></span> <span class='ocrx_word' id='word_1_242' title='bbox 954 3291 1086 3354; x_wconf 83' lang='lat' dir='ltr'><strong>brachio</strong></span> <span class='ocrx_word' id='word_1_243' title='bbox 1109 3292 1252 3376; x_wconf 87' lang='lat' dir='ltr'><strong>appensa</strong></span> 
     </span>
     <span class='ocr_line' id='line_1_30' title="bbox 217 3394 1248 3484; baseline 0.001 -23"><span class='ocrx_word' id='word_1_244' title='bbox 217 3399 423 3484; x_wconf 82' lang='lat' dir='ltr'><strong>gestarentur,</strong></span> <span class='ocrx_word' id='word_1_245' title='bbox 438 3394 567 3482; x_wconf 87' lang='lat' dir='ltr'><strong>ejusque</strong></span> <span class='ocrx_word' id='word_1_246' title='bbox 582 3395 679 3458; x_wconf 89' lang='lat' dir='ltr'><strong>moris</strong></span> <span class='ocrx_word' id='word_1_247' title='bbox 693 3394 873 3481; x_wconf 86' lang='lat' dir='ltr'><strong>exemplum</strong></span> <span class='ocrx_word' id='word_1_248' title='bbox 888 3395 1021 3459; x_wconf 85' lang='lat' dir='ltr'><strong>adferte</strong></span> <span class='ocrx_word' id='word_1_249' title='bbox 1036 3395 1248 3462; x_wconf 87' lang='lat' dir='ltr'><strong>Dioscoride=</strong></span> 
     </span>
     <span class='ocr_line' id='line_1_31' title="bbox 218 3495 1249 3581; baseline 0 -21"><span class='ocrx_word' id='word_1_250' title='bbox 218 3498 260 3560; x_wconf 86' lang='lat' dir='ltr'><strong>est</strong></span> <span class='ocrx_word' id='word_1_251' title='bbox 275 3498 344 3560; x_wconf 85' lang='lat' dir='ltr'><strong>haec</strong></span> <span class='ocrx_word' id='word_1_252' title='bbox 358 3496 494 3561; x_wconf 88' lang='lat' dir='ltr'><strong>mutatio</strong></span> <span class='ocrx_word' id='word_1_253' title='bbox 509 3495 622 3559; x_wconf 88' lang='lat' dir='ltr'><strong>veteris</strong></span> <span class='ocrx_word' id='word_1_254' title='bbox 640 3495 815 3581; x_wconf 75' lang='lat' dir='ltr'><strong>scripturae,</strong></span> <span class='ocrx_word' id='word_1_255' title='bbox 838 3518 902 3561; x_wconf 89' lang='lat' dir='ltr'><strong>non</strong></span> <span class='ocrx_word' id='word_1_256' title='bbox 924 3495 1126 3575; x_wconf 86' lang='lat' dir='ltr'><strong>emendati03</strong></span> <span class='ocrx_word' id='word_1_257' title='bbox 1150 3495 1249 3581; x_wconf 85' lang='lat' dir='ltr'><strong>fiqui-</strong></span> 
     </span>
     <span class='ocr_line' id='line_1_32' title="bbox 217 3595 1248 3682; baseline 0.003 -23"><span class='ocrx_word' id='word_1_258' title='bbox 217 3596 291 3660; x_wconf 90' lang='lat' dir='ltr'><strong>dem</strong></span> <span class='ocrx_word' id='word_1_259' title='bbox 310 3610 343 3659; x_wconf 91' lang='lat' dir='ltr'><strong>et</strong></span> <span class='ocrx_word' id='word_1_260' title='bbox 362 3595 494 3659; x_wconf 81' lang='grc' dir='ltr'><strong><em>σκυτιδιιι</em></strong></span> <span class='ocrx_word' id='word_1_261' title='bbox 507 3595 568 3659; x_wconf 89' lang='lat' dir='ltr'><strong>fuit</strong></span> <span class='ocrx_word' id='word_1_262' title='bbox 582 3597 655 3659; x_wconf 88' lang='lat' dir='ltr'><strong>usus</strong></span> <span class='ocrx_word' id='word_1_263' title='bbox 672 3596 863 3681; x_wconf 85' lang='lat' dir='ltr'><strong>magicuset</strong></span> <span class='ocrx_word' id='word_1_264' title='bbox 878 3595 1123 3682; x_wconf 85' lang='lat' dir='ltr'><strong>superstitiosus:</strong></span> <span class='ocrx_word' id='word_1_265' title='bbox 1147 3596 1248 3662; x_wconf 89' lang='lat' dir='ltr'><strong>veluti</strong></span> 
     </span>
     <span class='ocr_line' id='line_1_33' title="bbox 217 3695 1249 3784; baseline -0.001 -23"><span class='ocrx_word' id='word_1_266' title='bbox 217 3698 313 3761; x_wconf 84' lang='lat' dir='ltr'><strong>refert</strong></span> <span class='ocrx_word' id='word_1_267' title='bbox 333 3695 485 3760; x_wconf 86' lang='lat' dir='ltr'><strong>Tatianus</strong></span> <span class='ocrx_word' id='word_1_268' title='bbox 505 3696 559 3761; x_wconf 89' lang='lat' dir='ltr'><strong>Or.</strong></span> <span class='ocrx_word' id='word_1_269' title='bbox 577 3697 699 3760; x_wconf 87' lang='lat' dir='ltr'><strong>Contra</strong></span> <span class='ocrx_word' id='word_1_270' title='bbox 719 3699 777 3760; x_wconf 90' lang='lat' dir='ltr'><strong>Gr.</strong></span> <span class='ocrx_word' id='word_1_271' title='bbox 801 3719 834 3782; x_wconf 93' lang='lat' dir='ltr'><strong>p.</strong></span> <span class='ocrx_word' id='word_1_272' title='bbox 854 3700 923 3782; x_wconf 84' lang='lat'><strong>156.</strong></span> <span class='ocrx_word' id='word_1_273' title='bbox 940 3698 987 3761; x_wconf 77' lang='lat' dir='ltr'><strong>A:</strong></span> <span class='ocrx_word' id='word_1_274' title='bbox 1012 3700 1070 3760; x_wconf 75' lang='grc' dir='ltr'><strong><em>οὐδὲ</em></strong></span> <span class='ocrx_word' id='word_1_275' title='bbox 1090 3704 1103 3760; x_wconf 81' lang='lat' dir='ltr'><strong>l</strong></span> <span class='ocrx_word' id='word_1_276' title='bbox 1121 3699 1249 3784; x_wconf 71' lang='grc' dir='ltr'><strong><em>μεμῃιῶς</em></strong></span> 
     </span>
     <span class='ocr_line' id='line_1_34' title="bbox 215 3797 1246 3884; baseline 0.001 -23"><span class='ocrx_word' id='word_1_277' title='bbox 215 3797 348 3861; x_wconf 65' lang='lat' dir='ltr'><strong>camilon</strong></span> <span class='ocrx_word' id='word_1_278' title='bbox 362 3797 531 3882; x_wconf 77' lang='grc' dir='ltr'><strong><em>ἐξαμτῆμασι</em></strong></span> <span class='ocrx_word' id='word_1_279' title='bbox 550 3797 738 3884; x_wconf 61' lang='grc' dir='ltr'><strong><em>θεραπεύεται·</em></strong></span> <span class='ocrx_word' id='word_1_280' title='bbox 762 3798 890 3879; x_wconf 76' lang='grc' dir='ltr'><strong><em>δαιμόνων</em></strong></span> <span class='ocrx_word' id='word_1_281' title='bbox 903 3799 969 3860; x_wconf 73' lang='grc' dir='ltr'><strong><em>εἰσὶν</em></strong></span> <span class='ocrx_word' id='word_1_282' title='bbox 983 3798 1082 3881; x_wconf 72' lang='grc' dir='ltr'><strong><em>ἔφοδοι.</em></strong></span> <span class='ocrx_word' id='word_1_283' title='bbox 1120 3800 1161 3862; x_wconf 86' lang='lat' dir='ltr'><strong>Et</strong></span> <span class='ocrx_word' id='word_1_284' title='bbox 1181 3823 1246 3862; x_wconf 90' lang='lat' dir='ltr'><strong>nu-</strong></span> 
     </span>
     <span class='ocr_line' id='line_1_35' title="bbox 214 3897 1244 3985; baseline 0 -21"><span class='ocrx_word' id='word_1_285' title='bbox 214 3899 308 3966; x_wconf 84' lang='lat' dir='ltr'><strong>trices</strong></span> <span class='ocrx_word' id='word_1_286' title='bbox 321 3897 495 3962; x_wconf 85' lang='lat' dir='ltr'><strong>infantibus</strong></span> <span class='ocrx_word' id='word_1_287' title='bbox 509 3899 647 3985; x_wconf 88' lang='lat' dir='ltr'><strong>primum</strong></span> <span class='ocrx_word' id='word_1_288' title='bbox 663 3897 775 3962; x_wconf 87' lang='lat' dir='ltr'><strong>dentes</strong></span> <span class='ocrx_word' id='word_1_289' title='bbox 786 3899 1005 3963; x_wconf 87' lang='lat' dir='ltr'><strong>emittentibus</strong></span> <span class='ocrx_word' id='word_1_290' title='bbox 1019 3901 1140 3964; x_wconf 86' lang='lat' dir='ltr'><strong>scortea</strong></span> <span class='ocrx_word' id='word_1_291' title='bbox 1151 3922 1244 3985; x_wconf 82' lang='lat' dir='ltr'><strong>quae-</strong></span> 
     </span>
     <span class='ocr_line' id='line_1_36' title="bbox 215 3997 1247 4086; baseline -0.003 -21"><span class='ocrx_word' id='word_1_292' title='bbox 215 4000 289 4065; x_wconf 87' lang='lat' dir='ltr'><strong>darn</strong></span> <span class='ocrx_word' id='word_1_293' title='bbox 304 3999 433 4086; x_wconf 82' lang='lat' dir='ltr'><strong>alligare</strong></span> <span class='ocrx_word' id='word_1_294' title='bbox 448 3998 554 4063; x_wconf 85' lang='lat' dir='ltr'><strong>solitas</strong></span> <span class='ocrx_word' id='word_1_295' title='bbox 569 4012 674 4064; x_wconf 84' lang='lat' dir='ltr'><strong>narrat</strong></span> <span class='ocrx_word' id='word_1_296' title='bbox 687 3997 834 4064; x_wconf 87' lang='lat' dir='ltr'><strong>Julianus</strong></span> <span class='ocrx_word' id='word_1_297' title='bbox 849 3998 904 4063; x_wconf 88' lang='lat' dir='ltr'><strong>Or.</strong></span> <span class='ocrx_word' id='word_1_298' title='bbox 917 4001 993 4062; x_wconf 93' lang='lat' dir='ltr'><strong>Vll.</strong></span> <span class='ocrx_word' id='word_1_299' title='bbox 1009 4020 1042 4084; x_wconf 91' lang='lat' dir='ltr'><strong>p.</strong></span> <span class='ocrx_word' id='word_1_300' title='bbox 1056 4001 1129 4063; x_wconf 83' lang='lat'><strong>206.</strong></span> <span class='ocrx_word' id='word_1_301' title='bbox 1142 4000 1192 4062; x_wconf 87' lang='lat' dir='ltr'><strong>D:</strong></span> <span class='ocrx_word' id='word_1_302' title='bbox 1217 4000 1247 4079; x_wconf 69' lang='grc' dir='ltr'><strong>αι’</strong></span> 
     </span>
    </p>
   </div>
   <div class='ocr_carea' id='block_1_3' title="bbox 180 4098 1242 4286">
    <p class='ocr_par' dir='ltr' id='par_1_7' title="bbox 180 4098 1242 4286">
     <span class='ocr_line' id='line_1_37' title="bbox 180 4098 1242 4185; baseline 0.003 -24"><span class='ocrx_word' id='word_1_303' title='bbox 180 4115 182 4120; x_wconf 88' lang='grc'><strong>’</strong></span> <span class='ocrx_word' id='word_1_304' title='bbox 214 4099 308 4176; x_wconf 62' lang='lat' dir='ltr'><strong>sir-&amp;aq</strong></span> <span class='ocrx_word' id='word_1_305' title='bbox 321 4099 388 4185; x_wconf 70' lang='lat' dir='ltr'><strong>oripi</strong></span> <span class='ocrx_word' id='word_1_306' title='bbox 408 4102 458 4172; x_wconf 78' lang='grc' dir='ltr'><strong>τὰς</strong></span> <span class='ocrx_word' id='word_1_307' title='bbox 477 4099 643 4180; x_wconf 76' lang='grc' dir='ltr'><strong><em>ὀδοντοφοΐας</em></strong></span> <span class='ocrx_word' id='word_1_308' title='bbox 662 4101 803 4175; x_wconf 77' lang='grc' dir='ltr'><strong><em>κνηςιῶσιν</em></strong></span> <span class='ocrx_word' id='word_1_309' title='bbox 822 4101 911 4171; x_wconf 78' lang='grc' dir='ltr'><strong><em>αὐτοῖς</em></strong></span> <span class='ocrx_word' id='word_1_310' title='bbox 936 4103 1003 4180; x_wconf 83' lang='grc' dir='ltr'><strong><em>(τοῖς</em></strong></span> <span class='ocrx_word' id='word_1_311' title='bbox 1016 4098 1150 4180; x_wconf 68' lang='grc' dir='ltr'><strong><em>παιδίοις)</em></strong></span> <span class='ocrx_word' id='word_1_312' title='bbox 1168 4100 1242 4164; x_wconf 79' lang='grc' dir='ltr'><strong><em>σκύ-</em></strong></span> 
     </span>
     <span class='ocr_line' id='line_1_38' title="bbox 213 4198 1241 4286; baseline 0.004 -23"><span class='ocrx_word' id='word_1_313' title='bbox 213 4227 275 4263; x_wconf 88' lang='grc' dir='ltr'><strong><em>τινα</em></strong></span> <span class='ocrx_word' id='word_1_314' title='bbox 288 4198 353 4262; x_wconf 68' lang='lat' dir='ltr'><strong>dria</strong></span> <span class='ocrx_word' id='word_1_315' title='bbox 367 4205 523 4286; x_wconf 72' lang='grc' dir='ltr'><strong><em>σςοσαμτᾷν</em></strong></span> <span class='ocrx_word' id='word_1_316' title='bbox 536 4205 598 4262; x_wconf 86' lang='grc' dir='ltr'><strong><em>ταῖν</em></strong></span> <span class='ocrx_word' id='word_1_317' title='bbox 609 4203 715 4286; x_wconf 80' lang='grc' dir='ltr'><strong>χεροῖν.</strong></span> <span class='ocrx_word' id='word_1_318' title='bbox 743 4201 824 4263; x_wconf 81' lang='lat' dir='ltr'><strong>Haec</strong></span> <span class='ocrx_word' id='word_1_319' title='bbox 839 4200 910 4263; x_wconf 85' lang='lat' dir='ltr'><strong>satis</strong></span> <span class='ocrx_word' id='word_1_320' title='bbox 925 4200 964 4265; x_wconf 88' lang='lat' dir='ltr'><strong>de</strong></span> <span class='ocrx_word' id='word_1_321' title='bbox 979 4201 1041 4265; x_wconf 87' lang='lat' dir='ltr'><strong>hoc</strong></span> <span class='ocrx_word' id='word_1_322' title='bbox 1058 4202 1125 4265; x_wconf 90' lang='lat' dir='ltr'><strong>usu.</strong></span> <span class='ocrx_word' id='word_1_323' title='bbox 1164 4204 1241 4268; x_wconf 83' lang='lat' dir='ltr'><strong>Fre·</strong></span> 
     </span>
    </p>
   </div>
   <div class='ocr_carea' id='block_1_4' title="bbox 0 0 1350 4770">
    <p class='ocr_par' dir='ltr' id='par_1_8' title="bbox 0 0 1350 4770">
     <span class='ocr_line' id='line_1_39' title="bbox 0 0 1350 4770; baseline 0 4"><span class='ocrx_word' id='word_1_324' title='bbox 0 0 1350 4770; x_wconf 95' lang='lat' dir='ltr'><strong> </strong></span> 
     </span>
    </p>
   </div>
  </div>
 </body>
</html>
