2692 4770
242 337 321 396 nso
432 336 473 396 D.
485 337 536 395 W.
557 337 767 398 autmunv.
787 336 836 397 IN
856 336 1097 399 ssu'raucm
1117 338 1120 343 '

240 498 354 565 suisset.
368 497 570 581 Plutarchus,
590 501 645 566 nili
667 501 802 566 modum
825 501 998 589 quemdem
1015 501 1048 566 in
1062 499 1166 589 copia
1178 510 1291 565 tenete

240 599 394 665 voluillet.
429 601 561 667 Nullius
579 603 666 668 enirn
687 603 782 669 facile
802 603 915 669 veteris
932 603 1073 678 audieris
1094 616 1166 667 tam
1183 600 1290 667 mults

239 702 371 769 suerunt
385 715 424 769 et
434 704 595 771 celebrata
608 705 680 772 sunt
694 719 790 772 acute
806 706 975 793 faceteq'ue
986 704 1086 785 dista,
1103 726 1208 792 quam
1230 704 1288 769 Ci-

238 806 377 903 ce'roni's.
401 806 534 872 Constet
546 808 645 888 enim,
657 831 746 888 eum,
762 823 799 873 ut
811 808 964 874 universe
978 798 1182 895 eloquentiae
1198 806 1287 894 prin·

238 905 359 993 cipem,
374 908 420 973 ita
432 907 516 974 banc
531 909 600 997 ejus
615 924 737 996 partem
754 910 887 975 mirifice
900 909 1044 989 tenuisse,
1060 931 1138 996 quae
1154 909 1287 989 salibus,

222 1007 389 1088 disteriis,
407 1023 441 1075 et
456 1011 581 1076 facetiis
596 1010 794 1090 continetur,
808 1010 939 1099 ejusque
953 1024 989 1075 et
1002 1008 1169 1075 rationem
1183 1030 1284 1075 sccu-

236 1124 305 1176 rnte
326 1111 535 1198 perspectam,
560 1127 595 1177 et
619 1112 805 1178 facultatem
830 1113 872 1176 ad
893 1111 1032 1177 subitum
1046 1112 1143 1176 usum
1172 1133 1284 1200 prom·

235 1225 304 1277 tam
320 1213 568 1302 expeditamque
584 1213 737 1280 babuitle.
776 1214 881 1302 Igitur
900 1215 921 1278 fi
941 1213 1013 1300 quis
1026 1212 1077 1277 vel
1097 1236 1139 1278 ex
1157 1214 1214 1295 iis,
1228 1214 1284 1302 qui

236 1316 402 1402 supersunt
425 1315 591 1381 Ciceronis
604 1317 704 1399 libris,
724 1316 795 1404 ejus
817 1317 850 1381 in
870 1316 934 1381 hoc
947 1338 1068 1403 genere
1082 1315 1177 1382 dista
1190 1316 1282 1382 eolli-

233 1420 312 1504 g‘ere
327 1417 414 1497 velit,
430 1417 507 1482 huic
522 1433 632 1504 parata
645 1419 721 1506 justi
736 1419 907 1485 voluminis
929 1420 1023 1484 instar
1036 1420 1177 1485 materia
1190 1420 1280 1485 adtit.

236 1520 302 1584 Sed
322 1518 451 1599 Cicero,
470 1536 508 1585 ut
531 1521 658 1607 copiam
681 1518 835 1608 colligere
859 1521 980 1586 solebat
1000 1521 1152 1586 omnium
1176 1522 1282 1589 omnis

236 1620 392 1686 doctrine
418 1621 578 1701 locorum,
606 1644 688 1708 quos
707 1622 887 1709 ¹aliquando
915 1624 1112 1711 expurgaret
1140 1638 1180 1688 et
1205 1624 1280 1689 scri-

235 1722 344 1790 bendo
369 1722 549 1805 illustraret,
573 1725 619 1789 ita
641 1723 825 1813 hujusmodi
847 1724 934 1790 dista
953 1725 1087 1812 collegit
1108 1725 1152 1791 ad
1175 1726 1280 1814 expli·

235 1825 377 1892 candum
398 1826 487 1891 hunc
510 1826 612 1912 ipsum
632 1826 741 1893 locum
762 1827 801 1890 de
819 1824 944 1891 ridiculo
969 1826 1002 1891 in
1028 1826 1113 1893 libro
1137 1827 1280 1895 secundo

234 1931 288 1997 De
308 1933 456 2012 Oratore,
478 1944 548 1996 tum
571 1929 724 2019 majorem
747 1929 845 1995 etiam
864 1928 1107 1993 multitudinem
1129 1931 1279 2018 proprio·

235 2056 309 2100 rum
324 2034 452 2099 suorum
467 2032 627 2098 dictorum
642 2033 675 2096 in
686 2031 866 2096 adversariis
879 2029 1005 2096 servasse
1016 2030 1154 2096 videtur.
1181 2033 1279 2099 Certe

235 2137 288 2202 alii
310 2134 398 2201 dotti
420 2135 568 2199 homines
589 2134 686 2212 dista,
708 2156 780 2221 quae
803 2147 875 2198 turn
901 2131 1066 2198 Ciceronis
1087 2134 1226 2201 nomine
1244 2148 1278 2200 et

234 2240 424 2306 austeritate
452 2238 624 2317 ferrentur,
651 2237 762 2303 sedulo
790 2238 1085 2303 animadvertebant
1112 2253 1148 2303 et
1174 2242 1276 2307 serva·

233 2343 332 2410 bant:
356 2340 535 2431 cujusmodi
554 2340 690 2405 studium
706 2355 839 2427 apparet
860 2339 949 2405 fuisse
966 2339 1136 2406 Volumnii
1155 2343 1277 2409 Eutra-

233 2442 311 2531 peli‚
334 2458 368 2509 et
387 2443 482 2530 ipsius
505 2442 546 2507 C.
561 2442 640 2509 Julii
657 2441 801 2522 Caessris,
816 2463 856 2505 ex
871 2441 967 2526 Epist.
985 2440 1037 2505 Ad
1054 2441 1181 2508 Diters
1197 2446 1275 2509 Vll.

233 2562 289 2630 32.
313 2544 374 2607 ῙΧ.
394 2546 444 2609 16.
480 2545 593 2630 quue
609 2565 716 2607 rmnus
733 2542 948 2608 dubitandum
967 2543 1021 2621 cst,
1037 2543 1115 2629 quin
1137 2545 1212 2611 baec
1226 2547 1275 2611 8ι

234 2645 286 2710 tta
302 2645 480 2724 Ciceronis,
495 2645 544 2709 vel
560 2646 600 2709 ab
615 2645 691 2724 alio,
706 2644 755 2708 vel
771 2644 852 2708 ab
826 2666 894 2730 ejus
909 2644 1023 2709 liberto
1034 2645 1072 2708 l
1064 2668 1156 2711 irone
1172 2649 1275 2715 tribus

233 2749 323 2813 libris
337 2749 564 2832 comprehensa
579 2764 613 2828 ct
627 2749 658 2812 in
676 2747 791 2832 vulgus
807 2747 905 2825 edita,
920 2762 956 2811 ut
972 2749 1062 2812 testes
1078 2749 1152 2814 sunt
1166 2753 1274 2839 Quin·

234 2850 381 2915 &ilianus
405 2850 505 2913 Instit.
531 2852 586 2915 Or.
604 2851 664 2914 Vl.
680 2869 712 2933 3.
737 2870 770 2933 p.
784 2867 860 2932 527.
881 2862 914 2912 ct
933 2847 1120 2913 Macrobius
1142 2849 1274 2917 Saturn.

235 2953 280 3014 ll.
306 2971 334 3015 r.
364 2950 420 3016 illo
447 2967 593 3036 tempore
616 2950 767 3015 dostrinae
792 2949 931 3014 studiosis
956 2950 1064 3035 paffirn
1090 2952 1227 3037 cognita
1243 2966 1277 3020 ct

233 3075 252 3117 a
272 3052 442 3117 Plutarcho
465 3052 505 3116 de
526 3053 621 3116 rebus
645 3052 810 3116 Ciceronis
832 3051 980 3115 scribenti
1003 3050 1043 3115 ad
1067 3054 1161 3119 usum
1179 3056 1275 3121 adhi-

234 3155 300 3220 bita
320 3155 450 3220 fuerint.

277 3274 351 3337 204.
367 3258 449 3319 Ε.α
449 3253 483 3339 ’.]
510 3253 866 3339 anitaCiccronisp.
881 3253 954 3318 861.
974 3253 1013 3318 C.

277 3377 351 3439 204.
370 3360 408 3420 E.
430 3356 485 3440 βῖ]
512 3355 648 3419 Ibidem.

276 3480 350 3542 204.
367 3463 403 3525 F.
426 3460 483 3544 γῖ]
512 3458 682 3544 lbidemp.
697 3459 772 3542 863.
789 3458 830 3522 C.

232 3586 236 3595 ·
277 3582 352 3644 204
368 3564 403 3627 F.
426 3562 475 3645 8.]
502 3561 673 3647 lbidemp.
690 3563 763 3642 864.
782 3562 823 3626 C.

276 3669 438 3746 204.F.
438 3663 738 3749 .]lbidemp.83
745 3667 801 3728 .F.
826 3667 878 3729 De
867 3665 947 3730 Sur
961 3666 1122 3754 Laudcp
1137 3691 1219 3756 541.
1238 3677 1275 3741 F.

272 3789 307 3853 p.
324 3785 398 3850 205.
415 3767 457 3828 A.
481 3765 532 3849 52]
561 3766 732 3850 lbidemp.
747 3766 785 3828 8
771 3789 820 3848 4.
836 3768 875 3829 B.

275 3889 349 3954 205.
364 3870 407 3932 A.
432 3867 486 3951 ξ’.]
512 3867 648 3933 Ibidem.
681 3867 903 3933 Conl'erendus
927 3870 1110 3936 Gatakerus
1129 3875 1214 3942 Adv.
1238 3900 1274 3966 p.

227 3995 304 4060 331·
321 3975 363 4037 G·
635 4022 639 4027 =

274 4095 348 4160 205.
364 4076 403 4139 B.
426 4073 476 4153 nst]
503 4073 626 4137 Ibidem
644 4096 675 4159 p.
693 4074 767 4157 873.
784 4075 823 4139 E.

272 4198 345 4264 205.
362 4178 400 4241 B.
424 4176 479 4259 8.]
507 4175 628 4240 Ibidem
652 4196 685 4261 p.
704 4176 778 4261 873.
798 4178 837 4240 E.
859 4188 892 4240 et
916 4176 1066 4263 Sympos.
1082 4179 1127 4243 ll.
1146 4203 1181 4268 p.
1192 4186 1273 4272 631.
