2692 4770
227 304 310 367 1014'
368 307 467 366 ow.
487 300 694 367 Aumauv.
714 307 761 366 ur
782 272 1012 368 numancrn
1032 306 1106 365 niu.

267 469 342 552 167.
358 468 398 534 C.
414 466 497 533 Ὅσα
516 473 575 554 γὰρ
595 471 633 551 μὴ
653 466 793 550 arcellam
811 471 935 554 Ζιὺς--]
963 466 1086 533 Pindari
1108 464 1262 553 Pyth.1.·

227 583 288 653 25:
312 569 438 655 reponit
453 569 640 635 Plutarchus
655 571 738 635 idem
754 591 787 657 p.
799 573 872 655 746.
888 572 925 636 B.
951 585 1044 656 1095.
1058 571 1096 633 E.

271 673 343 755 167.
360 672 399 737 C.
426 677 477 747 τὰς
497 672 602 760 τίγρις]
633 674 711 737 Rern
735 672 826 759 supra
847 673 1025 736 notavimus
1053 693 1085 756 p.
1104 689 1176 750 144.
1196 669 1250 732 D:

225 772 316 859 τΙγρις
339 775 483 840 ueniter
508 776 621 863 steph.
643 788 738 842 antea
758 776 834 841 Ald.
856 790 889 840 et
912 777 981 841 Bas.
1005 774 1111 839 vitiose
1131 771 1250 858 τίγςιςι

226 881 261 939 st
280 875 418 941 debebat
436 877 539 966 τίγρεις
560 877 637 964 poni
659 900 699 943 ex
724 881 768 944 D.
794 878 870 966 Xyl.
896 876 987 942 Harl.
1013 875 1141 961 Colleg.
1163 874 1251 936 Nor.

226 974 302 1040 h'uic
317 977 386 1040 vo'ci
400 978 543 1064 proxime
557 979 679 1043 addunt
689 981 718 1042 δὲ
732 979 823 1045 Harl.
838 991 871 1042 et
885 976 929 1042 D.

270 1079 342 1161 167.
358 1078 399 1143 C.
420 1079 1133 1168 Topsoias-’Adsipaq-'Ayada-3HpaaAsi-]
1157 1075 1254 1141 Tloe·

225 1177 299 1242 liru'n
320 1186 446 1243 'coecum
468 1182 631 1246 novimus:
656 1182 709 1246 sed
730 1196 804 1246 euru
823 1195 887 1244 non
909 1179 1013 1244 vidisse
1035 1178 1115 1242 filios
1130 1177 1256 1241 suoset

226 1278 395 1344 lbmiliares
409 1279 504 1367 idque
518 1281 697 1346 miseratum
711 1282 783 1361 else,
799 1294 863 1346 non
878 1280 1001 1345 videtur
1014 1301 1052 1344 ex
1068 1277 1177 1363 aliquo
1191 1294 1254 1363 po·

225 1392 279 1444 eta
293 1381 446 1460 sumtum,
470 1381 522 1447 sed
543 1404 562 1446 a
585 1382 755 1447 Plutarcho
774 1383 820 1447 ita
836 1382 983 1468 pofitum,
997 1394 1035 1444 ut
1046 1401 1124 1446 cum
1137 1376 1255 1442 viden·

225 1480 307 1544 tium
327 1481 563 1567 furentiumque
583 1483 736 1569 exemplis
751 1495 1009 1567 componeretur.
1045 1480 1197 1544 Athamas
1210 1500 1256 1545 ex

225 1578 398 1665 deperditis
412 1581 581 1667 Sophoclis
596 1582 659 1647 hoc
677 1583 807 1650 nomine
819 1581 974 1668 Inscriptio
988 1579 1150 1667 tragoediis
1163 1594 1199 1645 et
1212 1600 1254 1645 ex

225 1684 384 1771 Euripidis
407 1689 518 1764 lnone,
540 1687 772 1754 celebrabatur:
795 1689 907 1774 Agave
928 1708 967 1751 ex
988 1683 1147 1771 Euripidis
1166 1685 1254 1749 Bac·

223 1784 311 1852 cbist
331 1786 487 1853 Hercules
500 1809 540 1852 ex
554 1787 694 1876 ejusdem
709 1788 849 1853 Hercule
866 1790 1015 1853 Furente.

261 1876 341 1972 ¹167.
357 1888 401 1953 D.
424 1894 448 1951 sl
465 1889 516 1971 μὲν
531 1889 575 1953 οὖν
587 1894 642 1975 οὐχ
660 1890 942 1977 ὁρῶσιι-ιύμινέΗ
967 1888 1012 1952 οὗν
1032 1908 1073 1952 ue
1093 1887 1147 1952 cui
1166 1884 1256 1952 forte

223 1996 281 2075 p'er
294 2010 432 2055 errorem
444 1988 590 2055 additum
606 1984 767 2058 rideatur:
790 1992 834 2056 ita
853 1991 984 2056 subinde
1002 1992 1137 2076 pofitum
1154 2010 1254 2077 repe·

222 2089 314 2157 rlturs
336 2112 365 2154 ν.
375 2113 404 2155 c.
421 2109 538 2177 prag.
554 2093 596 2158 A.
615 2092 686 2178 185.
700 2096 737 2158 B.
762 2112 833 2178 194.
847 2092 902 2159 A:
924 2112 1118 2178 quamquam
1136 2090 1182 2157 ibi
1202 2091 1255 2156 vi·

222 2190 339 2279 tlosum
356 2191 420 2255 cll:
443 2192 519 2276 376.
534 2191 577 2256 A.
600 2209 674 2273 421.
690 2195 728 2256 E.
751 2206 825 2278 734.
841 2194 881 2258 C.
903 2194 977 2279 986.
993 2193 1041 2258 C:
1065 2205 1097 2255 et
1114 2188 1255 2276 usurpa·

223 2305 278 2358 tur
295 2314 353 2380 pro
365 2299 425 2381 γὲς
438 2292 478 2357 nd
491 2292 727 2379 explicandum,
744 2294 836 2380 supra
857 2314 891 2379 p.
905 2309 960 2378 53.
975 2294 1012 2358 B.
1034 2292 1101 2357 Vit.
1117 2294 1193 2356 611.
1208 2292 1252 2359 Β.

223 2395 378 2483 Porphyr.
392 2397 444 2460 De
457 2394 608 2465 Abstru.
623 2394 678 2480 38.
695 2414 729 2480 p.
747 2408 817 2478 172.
856 2397 893 2459 ln
909 2393 1119 2458 collocatione
1132 2394 1255 2463 verbo·

220 2500 294 2568 rum
317 2490 452 2558 turballe
473 2493 615 2557 librarios
633 2504 742 2580 putem
760 2514 895 2578 eamque
915 2493 960 2556 ita
972 2493 1201 2558 ordinandamr
1226 2500 1254 2557 ιΙ

220 2599 271 2681 μὶν
284 2596 327 2660 οὖν
341 2599 397 2682 οὐχ
411 2600 491 2681 ὁρῶσι
505 2594 554 2669 τὸς
568 2596 645 2669 θεοὺς
658 2595 831 2682 τοπαράπαν,
848 2601 871 2657 οἱ
884 2597 910 2657 δὲ
925 2605 1074 2682 παρορῶσι·
1099 2600 1122 2658 ol
1135 2596 1186 2676 pir
1202 2597 1253 2659 583

219 2701 351 2786 ὑπάρχειν
364 2697 501 2780 νομίζεσι,
516 2703 539 2759 οἶ
553 2697 579 2758 δὲ
593 2697 722 2777 διξάξυσι
737 2693 845 2782 φοὸιςὸι
865 2698 895 2758 rb
914 2699 1071 2778 εὐμειὲς-.
1108 2699 1252 2762 Senten-

219 2801 265 2865 tia
278 2812 481 2885 comparetur
493 2821 565 2861 curn
580 2797 709 2883 gemina
724 2800 775 2861 De
790 2797 876 2861 Aud.
894 2800 981 2862 Poet.
998 2819 1030 2884 p.
1044 2818 1097 2882 34.
1109 2801 1152 2862 A.
1187 2800 1252 2864 Se·

220 2924 307 2973 necae
336 2901 431 2986 Epist.
461 2901 617 2963 CXXIII.
647 2899 701 2962 fin.
731 2896 898 2985 Superstitio
928 2898 1008 2962 error
1040 2901 1161 2985 insonus
1189 2901 1250 2988 est:

220 3002 360 3065 amandos
375 3000 472 3064 timet:
495 3022 564 3086 quor
579 2997 659 3077 colit,
675 2998 781 3062 violat.
822 2998 905 3083 Quid
918 2999 992 3061 enim
1008 2999 1131 3085 interest,
1145 3014 1253 3068 atrum

219 3104 285 3171 deos
299 3124 398 3187 neges,
412 3122 453 3164 aa
468 3099 625 3186 idomas?

265 3206 336 3286 167.
352 3203 394 3266 D.
423 3200 552 3287 ἄμικτοι]
577 3201 704 3282 ἀμήνιτον
724 3200 800 3264 licet
821 3200 975 3263 sententia
999 3200 1074 3277 loci,
1100 3214 1137 3265 ut
1159 3226 1253 3270 nunc

220 3306 274 3383 est,
293 3304 442 3389 requirat,
455 3303 596 3387 recipere
610 3315 715 3366 tamen
736 3324 799 3365 non
815 3302 907 3365 aulus
922 3304 1012 3378 l'um3
1037 3304 1122 3388 quod
1136 3306 1251 3371 Mezi.
1269 3356 1271 3360 ι

219 3405 295 3475 riaci
308 3419 347 3469 et
365 3400 492 3479 Reilkil,
508 3417 542 3466 et
560 3404 579 3465 fi
597 3400 672 3489 quid
692 3401 723 3466 id
738 3403 791 3481 est,
807 3424 915 3465 meum
930 3425 1059 3482 nomen,
1075 3404 1130 3490 qui
1151 3423 1254 3473 antea

219 3504 304 3569 idem
325 3503 535 3589 conjecissem,
551 3522 613 3565 non
629 3502 682 3594 nisi
700 3501 889 3589 conjecturae
909 3503 1128 3568 aucloritatern
1143 3504 1251 3573 habe-

218 3620 278 3671 ret.
313 3608 360 3669 Eo
376 3619 482 3669 tamen
497 3603 619 3668 ducunt
634 3602 724 3680 libri;
749 3626 822 3666 narn
839 3601 974 3685 ἀμίμητον
989 3603 1067 3667 dant
1081 3605 1157 3669 Ald.
1173 3609 1250 3678 Bas.

220 3705 297 3793 Xyl.
321 3706 411 3770 Harl.
435 3705 561 3790 Colleg.
583 3706 666 3767 Nov.
688 3706 730 3767 A.
748 3703 788 3767 C.
805 3707 841 3767 E.
856 3706 895 3767 F:
926 3704 1109 3789 Stephanus·
1127 3705 1254 3787 ἄμικτον

219 3806 339 3894 recepit
354 3830 392 3870 ex
408 3807 474 3871 Pol.
497 3821 529 3870 et
546 3809 675 3871 dannot.
691 3826 830 3891 quocum
846 3805 1020 3869 consentire
1036 3807 1169 3871 videtur.
1199 3813 1250 3879 D.

218 3908 338 3997 quippe
360 3907 451 3995 cujus
470 3908 501 3971 in
523 3906 686 3993 Excerptis
702 3906 745 3970 nil
760 3906 918 3970 varietatis
932 3920 1118 3971 annotatum
1136 3910 1252 3981 videor

218 4018 327 4077 Anon.
344 4024 377 4076 ct
390 4011 485 4075 Vule.
501 4011 638 4091 ἂμίιῃτιι,
655 4010 799 4073 vitiosum
816 4010 945 4095 quidem
961 4009 1011 4073 sed
1027 4034 1064 4073 ex
1080 4033 1153 4074 vero
1167 4016 1252 4094 ἁμῆ.

216 4139 286 4186 νιτιν
300 4125 427 4185 ortumr
450 4110 537 4201 quod
551 4124 584 4175 et
598 4109 765 4198 elegantis,
787 4132 844 4173 nec
867 4108 1038 4174 Plutarcho
1059 4108 1251 4199 infrequen.
