2692 4770
235 288 314 341 naa
425 278 463 339 D.
477 281 528 340 W.
548 277 757 340 ANIMADV.
777 279 827 340 IN
846 277 1080 339 PLUTARCHI

278 458 353 528 225.
369 443 408 507 Β.
433 441 488 528 ζ’.]
514 442 624 508 Simile
638 442 817 509 notavimus
834 440 995 530 Pelopidae
1009 439 1051 527 ys.
1068 461 1104 526 p.
1118 457 1191 527 194.
1204 437 1252 506 D.

277 566 352 631 225.
367 547 406 612 B.
430 547 480 633 222]
508 546 709 634 Corrupteloe
723 546 934 634 suspicionem
947 560 1056 612 movet
1074 549 1112 608 El
1126 545 1177 628 μὲν
1192 539 1275 608 oleat

231 673 269 731 ps
290 653 330 732 τῷ
354 649 474 727 malfia,
489 648 641 736 stqoidem
661 649 853 713 multitudine
878 672 924 712 me
946 649 1074 734 censetis,
1098 645 1276 732 astimotisr

233 749 441 836 nequeenim
455 749 550 831 οἷεῶαξ
563 777 592 815 τι
610 778 675 831 rm,
690 750 812 840 aliquid
822 750 925 838 aliquo
938 752 1021 814 modo
1036 748 1196 834 qlimare,
1210 747 1275 812 hoc

233 851 324 916 sensu
351 852 539 938 usurpatum
568 852 736 939 reperitur,
763 875 829 939 quo
857 852 988 917 verbum
1012 865 1124 939 putare
1148 848 1274 914 Iatioae

232 950 458 1018 corisuetudini
471 953 631 1019 vindicare
644 954 779 1019 instituit
796 957 865 1020 Jac.
882 953 974 1018 Fred.
987 952 1211 1039 'Heusingerus
1231 948 1273 1014 ad

233 1053 305 1119 Cic.
322 1056 415 1121 Offic.
431 1058 458 1120 1.
473 1075 526 1123 22.
558 1056 663 1143 Igitur
675 1083 712 1140 με
726 1056 838 1122 saltem
853 1054 1052 1121 delendum:
1074 1073 1272 1140 quamquam

232 1177 274 1220 ne
288 1156 327 1219 src
342 1155 474 1242 quidem
495 1155 587 1221 locus
608 1157 649 1222 ad
663 1157 848 1238 sanitatem,
871 1156 990 1222 nodam
1012 1155 1055 1221 od
1074 1152 1273 1220 Laconicam

231 1256 403 1337 rationem,
420 1258 581 1322 corredtus
594 1258 731 1323 videtur.
751 1314 754 1319 ,

242 1410 246 1417 .
276 1378 317 1426 22
318 1360 414 1443 5.·Cr¹
428 1358 483 1445 32]
510 1361 562 1426 Est
577 1383 664 1425 mero
678 1360 864 1425 immutatio
876 1357 1100 1425 antecedentis
1115 1357 1158 1443 γ’.

277 1479 351 1545 225.
369 1461 409 1525 C.
433 1459 477 1544 a'.]
502 1463 646 1526 Verbum
660 1469 812 1547 θεομαχεῖν
832 1462 1012 1527 notavimus
1034 1483 1068 1546 p.
1088 1461 1166 1525 168.
1180 1458 1222 1524 C.

241 1612 244 1621 .
277 1565 410 1648 225.·D.
433 1563 499 1647 ιβ’.]
514 1564 634 1629 Simile
659 1565 701 1629 est
724 1565 770 1629 illi
796 1565 980 1653 Myronidae
1002 1586 1036 1652 p.
1055 1564 1129 1649 185.
1150 1566 1185 1629 F.
1217 1565 1271 1629 De

232 1666 462 1732 communione
490 1669 670 1734 Verborum
694 1671 820 1750 αἰδὶθω
846 1684 882 1734 et
910 1668 1042 1753 φοὸἃθαι
1065 1667 1208 1733 'diximus
1235 1689 1270 1754 p.

167 1807 172 1818 ·
233 1784 309 1852 217.
323 1769 368 1833 A.
494 1782 496 1787 ’
1082 1804 1085 1809 -

276 1889 315 1935 22
317 1889 350 1955 5.
366 1871 410 1934 D.
432 1870 499 1957 qt]
525 1869 626 1936 Multi
640 1871 705 1936 hoc
719 1870 843 1938 dietum
863 1873 1029 1938 memoriae
1047 1870 1270 1959 prodiderunt,

231 1991 370 2059 quorum
389 1971 479 2037 locos
500 1972 632 2059 collegit
655 1975 851 2059 anavifiua
874 1973 915 2040 ad
932 1973 1105 2039 'Ciceronis
1126 1974 1222 2040 Tuso.
1243 1974 1271 2037 l.

230 2091 295 2154 42:
329 2072 415 2159 Quid
436 2073 487 2136 ille
509 2075 573 2141 dux
595 2073 745 2138 Leonidas
766 2075 870 2139 dicit?
893 2075 1044 2139 Fraudata
1065 2075 1167 2140 animo
1176 2073 1272 2160 sorti,

230 2175 472 2240 Lacedaemonii:
500 2177 586 2240 bodie
612 2178 698 2263 apud
724 2178 833 2263 inseror
850 2177 980 2266 forlaffc
1006 2177 1176 2243 cunabilis.
1222 2177 1273 2240 lta

229 2277 318 2340 enim
343 2276 531 2363 legendum,
551 2277 735 2342 anaoribus
758 2281 900 2361 Erasmo,
925 2282 969 2345 G.
990 2279 1146 2357 cantero,
1169 2280 1269 2342 Lam·

228 2377 320 2458 bino,
337 2380 487 2443 Prandetc
507 2380 705 2466 provulgari
722 2382 865 2469 Pergite3
888 2380 1152 2469 repudiandaque
1169 2379 1270 2445 Dari·

229 2478 262 2541 fii
284 2492 317 2542 ot
339 2480 473 2545 aliorum
495 2481 586 2545 ratic.
624 2482 790 2546 Caeterum
812 2484 863 2547 M.
880 2485 1001 2547 Seneca
1022 2482 1150 2546 Suasor.
1166 2482 1212 2545 Il.
1235 2502 1270 2567 p.

233 2596 284 2665 15.
300 2582 353 2645 srbi
369 2583 432 2646 hoc
447 2583 612 2647 videbatur
626 2583 657 2647 in
673 2583 842 2649 Herodoto
853 2584 972 2670 legisse,
984 2582 1142 2647 memoria
1157 2583 1183 2645 is
1196 2584 1269 2668 qui-

229 2682 304 2746 dem
327 2683 503 2768 deceptus‚·
517 2698 554 2748 ut
576 2685 720 2765 videtur;
749 2686 902 2771 siquidem
925 2685 1022 2749 hodie
1044 2685 1111 2748 illic
1134 2708 1200 2750 non
1223 2685 1268 2748 le-

227 2786 332 2872 gitur:
357 2785 420 2849 Sea
438 2787 469 2847 in
490 2787 547 2848 hoc
567 2787 705 2864 materia,
728 2786 912 2875 disatffma
927 2785 1105 2870 illofcrtur
1114 2787 1271 2872 sententio

228 2886 382 2962 Dorionis,
404 2911 467 2950 cum
489 2888 623 2973 prrsufflt
645 2890 698 2950 hoc
720 2890 822 2973 dia-iffa
842 2888 976 2952 trecentis
999 2888 1176 2967 Leonidam,
1193 2889 1274 2974 quod

225 3001 297 3076 pato
319 2989 408 3051 etiam
429 2991 514 3076 apud
535 2989 717 3054 Herodotum
739 2992 803 3076 effe,
824 2989 907 3065 οὕτως
922 2995 1037 3077 &padre
1055 2991 1091 3063 ὥς
1106 2994 1133 3052 ὲν
1149 2989 1201 3075 ᾆδε
1216 2993 1269 3053 ie·

228 3091 383 3167 πνῆσοντες.

273 3208 347 3275 225.
363 3192 401 3254 Ε.
425 3189 482 3275 sest]
509 3190 613 3268 Duos,
631 3213 713 3278 quos
733 3191 779 3255 ita
799 3192 918 3255 servare
938 3191 1074 3256 voluerit
1098 3193 1270 3270 leonidas,

228 3315 406 3378 eorumque
427 3292 641 3356 recusantium
658 3293 743 3357 dieta
761 3307 796 3356 et
814 3295 938 3357 obitum
955 3308 1061 3357 narrat
1079 3294 1270 3358 Plutarchus

228 3398 281 3460 De
304 3392 464 3457 Herodoti
481 3392 647 3479 Malignit.
668 3416 701 3479 p.
719 3396 792 3457 866.
808 3394 847 3474 B,
864 3396 905 3458 C.
944 3394 1034 3458 Alios
1057 3395 1157 3458 etiam
1181 3396 1270 3460 fimili

228 3499 262 3562 in
284 3497 397 3575 carrlia,
426 3496 562 3559 diffimili
592 3511 709 3560 eventu
734 3518 755 3559 a
776 3495 921 3560 Leonida
947 3495 1088 3560 dimissos
1111 3509 1271 3561 memorat

229 3602 417 3664 Herodotus
432 3600 510 3663 Vll.
529 3618 716 3682 221—233:
741 3599 796 3684 qui
812 3597 902 3663 locus
918 3599 1047 3684 posteris
1060 3599 1270 3685 scriptoribus

229 3701 397 3765 materiam
419 3716 452 3762 et
472 3699 657 3784 exemplum
679 3699 720 3762 ad
742 3700 819 3763 alias
834 3699 865 3761 in
891 3701 953 3763 hoc
972 3723 1090 3784 genere
1112 3701 1271 3787 imagines

228 3800 412 3867 formandas
432 3800 596 3886 praejbuifl'e
619 3799 754 3864 videtur.
794 3803 830 3863 In
854 3802 1000 3885 responso
1014 3801 1157 3880 secundi,
1178 3802 1268 3866 Harl.

228 3906 286 3970 dat
301 3906 381 3967 αὐτοῖ
392 3902 479 3983 μένων
494 3903 616 3989 κρέσσων
636 3901 670 3966 ἂν
685 3901 749 3979 εἴην·
774 3902 887 3988 inquo
910 3904 1007 3968 etiarn
1030 3903 1157 3990 κρέσσων
1178 3905 1269 3968 exhi·

228 4010 283 4074 bet
297 4010 418 4072 Venet.

231 4154 235 4163 -
272 4126 346 4193 225.
362 4110 400 4171 Ε.
424 4106 647 4189 oollam]
676 4103 784 4190 Hujus
798 4117 832 4168 et
847 4103 984 4168 filiorum
1000 4106 1124 4174 mentio
1139 4109 1215 4174 alibi
1238 4109 1269 4173 se

230 4210 322 4276 nobis
342 4208 486 4276 nondum
501 4207 632 4274 obtulit.
671 4206 855 4272 Constantia
876 4205 1008 4294 quidem
1029 4222 1063 4275 et
1084 4211 1268 4299 responsum
