<?xml version="1.0" encoding="UTF-8"?>
<!DOCTYPE html PUBLIC "-//W3C//DTD XHTML 1.0 Transitional//EN"
    "http://www.w3.org/TR/xhtml1/DTD/xhtml1-transitional.dtd">
<html xmlns="http://www.w3.org/1999/xhtml" xml:lang="en" lang="en">
 <head>
  <title>
</title>
<meta http-equiv="Content-Type" content="text/html;charset=utf-8" />
  <meta name='ocr-system' content='tesseract 3.04.00' />
  <meta name='ocr-capabilities' content='ocr_page ocr_carea ocr_par ocr_line ocrx_word'/>
</head>
<body>
  <div class='ocr_page' id='page_1' title='image "./plutarchichaero01plutgoog_0058.png"; bbox 0 0 2692 4770; ppageno 0'>
   <div class='ocr_carea' id='block_1_1' title="bbox 295 318 1193 400">
    <p class='ocr_par' dir='ltr' id='par_1_1' title="bbox 295 318 1193 400">
     <span class='ocr_line' id='line_1_1' title="bbox 295 318 1193 400; baseline -0.007 -16"><span class='ocrx_word' id='word_1_1' title='bbox 295 323 345 384; x_wconf 81' lang='lat' dir='ltr'>DII</span> <span class='ocrx_word' id='word_1_2' title='bbox 358 325 471 385; x_wconf 86' lang='lat' dir='ltr'><strong>SENT.</strong></span> <span class='ocrx_word' id='word_1_3' title='bbox 488 323 694 385; x_wconf 86' lang='lat' dir='ltr'>PROFECTU</span> <span class='ocrx_word' id='word_1_4' title='bbox 709 325 755 384; x_wconf 93' lang='lat' dir='ltr'>IN</span> <span class='ocrx_word' id='word_1_5' title='bbox 770 323 875 383; x_wconf 87' lang='lat' dir='ltr'><strong>VIRT.</strong></span> <span class='ocrx_word' id='word_1_6' title='bbox 896 318 980 400; x_wconf 69' lang='grc'><strong>1183.</strong></span> <span class='ocrx_word' id='word_1_7' title='bbox 991 323 1025 391; x_wconf 81' lang='lat' dir='ltr'>E,</span> <span class='ocrx_word' id='word_1_8' title='bbox 1038 322 1068 379; x_wconf 85' lang='lat' dir='ltr'>F.</span> <span class='ocrx_word' id='word_1_9' title='bbox 1135 331 1193 394; x_wconf 80' lang='lat'>599</span> 
     </span>
    </p>
   </div>
   <div class='ocr_carea' id='block_1_2' title="bbox 168 482 1190 1357">
    <p class='ocr_par' dir='ltr' id='par_1_2' title="bbox 184 482 1189 670">
     <span class='ocr_line' id='line_1_2' title="bbox 188 482 1189 572; baseline -0.003 -26"><span class='ocrx_word' id='word_1_10' title='bbox 188 482 326 570; x_wconf 71' lang='lat' dir='ltr'>lampius</span> <span class='ocrx_word' id='word_1_11' title='bbox 348 509 379 572; x_wconf 90' lang='lat' dir='ltr'>p.</span> <span class='ocrx_word' id='word_1_12' title='bbox 398 504 470 572; x_wconf 86' lang='lat'>151.</span> <span class='ocrx_word' id='word_1_13' title='bbox 494 488 601 552; x_wconf 80' lang='lat' dir='ltr'>Libros</span> <span class='ocrx_word' id='word_1_14' title='bbox 617 485 763 565; x_wconf 82' lang='lat' dir='ltr'>evolvere,</span> <span class='ocrx_word' id='word_1_15' title='bbox 783 485 915 550; x_wconf 81' lang='lat' dir='ltr'>Lucian.</span> <span class='ocrx_word' id='word_1_16' title='bbox 929 486 968 550; x_wconf 89' lang='grc' dir='ltr'>Τ.</span> <span class='ocrx_word' id='word_1_17' title='bbox 985 486 1045 548; x_wconf 92' lang='lat' dir='ltr'><strong>III.</strong></span> <span class='ocrx_word' id='word_1_18' title='bbox 1069 504 1101 568; x_wconf 86' lang='lat' dir='ltr'><strong>p.</strong></span> <span class='ocrx_word' id='word_1_19' title='bbox 1118 496 1189 566; x_wconf 86' lang='lat'><strong>113.</strong></span> 
     </span>
     <span class='ocr_line' id='line_1_3' title="bbox 184 584 726 670; baseline 0.006 -22"><span class='ocrx_word' id='word_1_20' title='bbox 184 584 343 670; x_wconf 80' lang='lat' dir='ltr'><strong>Xenophon</strong></span> <span class='ocrx_word' id='word_1_21' title='bbox 360 590 465 651; x_wconf 87' lang='lat' dir='ltr'>Mem.</span> <span class='ocrx_word' id='word_1_22' title='bbox 481 589 570 653; x_wconf 89' lang='lat' dir='ltr'>Socr.</span> <span class='ocrx_word' id='word_1_23' title='bbox 587 589 613 650; x_wconf 95' lang='lat' dir='ltr'>I.</span> <span class='ocrx_word' id='word_1_24' title='bbox 627 590 659 650; x_wconf 91' lang='lat'>6.</span> <span class='ocrx_word' id='word_1_25' title='bbox 677 605 726 665; x_wconf 91' lang='lat'>14.</span> 
     </span>
    </p>

    <p class='ocr_par' dir='ltr' id='par_1_3' title="bbox 168 683 1190 1357">
     <span class='ocr_line' id='line_1_4' title="bbox 215 683 1190 776; baseline -0.003 -26"><span class='ocrx_word' id='word_1_26' title='bbox 215 688 261 771; x_wconf 83' lang='lat'>83.</span> <span class='ocrx_word' id='word_1_27' title='bbox 275 691 313 752; x_wconf 83' lang='lat' dir='ltr'>E.</span> <span class='ocrx_word' id='word_1_28' title='bbox 334 692 365 752; x_wconf 76' lang='grc' dir='ltr'>τὸ</span> <span class='ocrx_word' id='word_1_29' title='bbox 380 691 497 774; x_wconf 76' lang='grc' dir='ltr'><strong><em>ίξάτίον]</em></strong></span> <span class='ocrx_word' id='word_1_30' title='bbox 525 692 672 776; x_wconf 81' lang='lat' dir='ltr'>impetum,</span> <span class='ocrx_word' id='word_1_31' title='bbox 695 687 844 772; x_wconf 76' lang='lat' dir='ltr'>exstlt&#39;endi</span> <span class='ocrx_word' id='word_1_32' title='bbox 860 686 1099 772; x_wconf 62' lang='lat' dir='ltr'>coafitetudinem.</span> <span class='ocrx_word' id='word_1_33' title='bbox 1137 683 1190 748; x_wconf 88' lang='lat' dir='ltr'>Sic</span> 
     </span>
     <span class='ocr_line' id='line_1_5' title="bbox 179 785 1190 877; baseline -0.002 -28"><span class='ocrx_word' id='word_1_34' title='bbox 179 785 205 849; x_wconf 84' lang='lat' dir='ltr'>lo</span> <span class='ocrx_word' id='word_1_35' title='bbox 222 789 315 853; x_wconf 82' lang='lat' dir='ltr'>Bruto</span> <span class='ocrx_word' id='word_1_36' title='bbox 334 811 368 876; x_wconf 90' lang='lat' dir='ltr'>p.</span> <span class='ocrx_word' id='word_1_37' title='bbox 385 810 460 874; x_wconf 86' lang='lat'><strong>990.</strong></span> <span class='ocrx_word' id='word_1_38' title='bbox 477 793 512 854; x_wconf 82' lang='lat' dir='ltr'>F.</span> <span class='ocrx_word' id='word_1_39' title='bbox 535 798 550 865; x_wconf 86' lang='grc' dir='ltr'><strong>ἡ</strong></span> <span class='ocrx_word' id='word_1_40' title='bbox 572 794 634 877; x_wconf 71' lang='grc' dir='ltr'>γὰρ</span> <span class='ocrx_word' id='word_1_41' title='bbox 649 787 891 876; x_wconf 74' lang='grc' dir='ltr'><strong><em>Πορκία-ὥσπερ</em></strong></span> <span class='ocrx_word' id='word_1_42' title='bbox 911 789 939 866; x_wconf 68' lang='lat' dir='ltr'>oi</span> <span class='ocrx_word' id='word_1_43' title='bbox 962 787 1115 870; x_wconf 68' lang='grc' dir='ltr'><strong><em>κατάχετοι</em></strong></span> <span class='ocrx_word' id='word_1_44' title='bbox 1134 790 1190 858; x_wconf 77' lang='grc' dir='ltr'><strong><em>τοῖς</em></strong></span> 
     </span>
     <span class='ocr_line' id='line_1_6' title="bbox 176 887 1188 973; baseline -0.002 -24"><span class='ocrx_word' id='word_1_45' title='bbox 176 889 310 972; x_wconf 74' lang='grc' dir='ltr'><strong><em>βινχινοῖς</em></strong></span> <span class='ocrx_word' id='word_1_46' title='bbox 329 889 455 953; x_wconf 65' lang='grc' dir='ltr'><strong><em>πάθεσιν</em></strong></span> <span class='ocrx_word' id='word_1_47' title='bbox 477 890 622 967; x_wconf 76' lang='grc' dir='ltr'><strong><em>ἔξοίτίιισα.</em></strong></span> <span class='ocrx_word' id='word_1_48' title='bbox 658 890 732 962; x_wconf 75' lang='lat' dir='ltr'>Alia</span> <span class='ocrx_word' id='word_1_49' title='bbox 754 888 936 973; x_wconf 78' lang='lat' dir='ltr'>Stephanus</span> <span class='ocrx_word' id='word_1_50' title='bbox 954 887 1048 951; x_wconf 86' lang='lat' dir='ltr'>Thes.</span> <span class='ocrx_word' id='word_1_51' title='bbox 1068 889 1108 950; x_wconf 92' lang='lat' dir='ltr'>L.</span> <span class='ocrx_word' id='word_1_52' title='bbox 1129 888 1188 948; x_wconf 88' lang='lat' dir='ltr'>Gr.</span> 
     </span>
     <span class='ocr_line' id='line_1_7' title="bbox 175 985 1188 1074; baseline -0.002 -24"><span class='ocrx_word' id='word_1_53' title='bbox 175 988 205 1050; x_wconf 80' lang='lat' dir='ltr'>I.</span> <span class='ocrx_word' id='word_1_54' title='bbox 219 990 242 1051; x_wconf 95' lang='lat' dir='ltr'>I.</span> <span class='ocrx_word' id='word_1_55' title='bbox 255 1010 288 1073; x_wconf 93' lang='lat' dir='ltr'><strong>p.</strong></span> <span class='ocrx_word' id='word_1_56' title='bbox 304 1005 377 1074; x_wconf 82' lang='lat'><strong>235.</strong></span> <span class='ocrx_word' id='word_1_57' title='bbox 408 990 515 1053; x_wconf 86' lang='lat' dir='ltr'>Vertit</span> <span class='ocrx_word' id='word_1_58' title='bbox 530 989 707 1067; x_wconf 86' lang='lat' dir='ltr'>Luscinius,</span> <span class='ocrx_word' id='word_1_59' title='bbox 723 989 879 1074; x_wconf 82' lang='lat' dir='ltr'>impetum.-</span> <span class='ocrx_word' id='word_1_60' title='bbox 904 987 1078 1062; x_wconf 86' lang='lat' dir='ltr'>Cruserius,</span> <span class='ocrx_word' id='word_1_61' title='bbox 1094 985 1188 1072; x_wconf 82' lang='lat' dir='ltr'>insul-</span> 
     </span>
     <span class='ocr_line' id='line_1_8' title="bbox 172 1089 1186 1177; baseline 0.001 -28"><span class='ocrx_word' id='word_1_62' title='bbox 172 1099 244 1152; x_wconf 76' lang='lat' dir='ltr'>tem:</span> <span class='ocrx_word' id='word_1_63' title='bbox 266 1091 443 1177; x_wconf 87' lang='lat' dir='ltr'>Xylander,</span> <span class='ocrx_word' id='word_1_64' title='bbox 460 1091 635 1170; x_wconf 78' lang='lat' dir='ltr'><em>incendium,</em></span> <span class='ocrx_word' id='word_1_65' title='bbox 657 1104 691 1154; x_wconf 86' lang='lat' dir='ltr'>et</span> <span class='ocrx_word' id='word_1_66' title='bbox 713 1089 851 1154; x_wconf 83' lang='lat' dir='ltr'>similiter</span> <span class='ocrx_word' id='word_1_67' title='bbox 864 1091 1039 1175; x_wconf 83' lang='lat' dir='ltr'>Amyotus,</span> <span class='ocrx_word' id='word_1_68' title='bbox 1055 1089 1186 1173; x_wconf 81' lang='lat' dir='ltr'>sequen·</span> 
     </span>
     <span class='ocr_line' id='line_1_9' title="bbox 171 1189 1185 1274; baseline 0 -24"><span class='ocrx_word' id='word_1_69' title='bbox 171 1202 211 1250; x_wconf 82' lang='lat' dir='ltr'>tes</span> <span class='ocrx_word' id='word_1_70' title='bbox 229 1189 274 1253; x_wconf 85' lang='lat' dir='ltr'>illi</span> <span class='ocrx_word' id='word_1_71' title='bbox 298 1191 433 1255; x_wconf 84' lang='lat' dir='ltr'>alteram</span> <span class='ocrx_word' id='word_1_72' title='bbox 457 1191 627 1256; x_wconf 70' lang='lat' dir='ltr'>lethonem</span> <span class='ocrx_word' id='word_1_73' title='bbox 652 1191 757 1268; x_wconf 79' lang='grc' dir='ltr'><strong><em>ὲξοίπίον</em></strong></span> <span class='ocrx_word' id='word_1_74' title='bbox 778 1192 816 1255; x_wconf 92' lang='grc' dir='ltr'>Τ.</span> <span class='ocrx_word' id='word_1_75' title='bbox 832 1192 872 1252; x_wconf 93' lang='lat' dir='ltr'>V.</span> <span class='ocrx_word' id='word_1_76' title='bbox 888 1191 927 1255; x_wconf 95' lang='grc' dir='ltr'>Β.</span> <span class='ocrx_word' id='word_1_77' title='bbox 953 1189 1078 1274; x_wconf 80' lang='lat' dir='ltr'>Collcg.</span> <span class='ocrx_word' id='word_1_78' title='bbox 1102 1191 1185 1252; x_wconf 89' lang='lat' dir='ltr'>Nov.</span> 
     </span>
     <span class='ocr_line' id='line_1_10' title="bbox 168 1289 917 1357; baseline 0.001 -4"><span class='ocrx_word' id='word_1_79' title='bbox 168 1289 243 1354; x_wconf 80' lang='lat' dir='ltr'>coll.</span> <span class='ocrx_word' id='word_1_80' title='bbox 257 1293 382 1356; x_wconf 86' lang='lat' dir='ltr'>Muret.</span> <span class='ocrx_word' id='word_1_81' title='bbox 398 1293 540 1357; x_wconf 87' lang='lat' dir='ltr'>Tumeb.</span> <span class='ocrx_word' id='word_1_82' title='bbox 558 1291 688 1356; x_wconf 90' lang='lat' dir='ltr'>Leonic.</span> <span class='ocrx_word' id='word_1_83' title='bbox 704 1295 812 1356; x_wconf 89' lang='lat' dir='ltr'>Anon.</span> <span class='ocrx_word' id='word_1_84' title='bbox 827 1293 917 1355; x_wconf 88' lang='lat' dir='ltr'>Mez.</span> 
     </span>
    </p>
   </div>
   <div class='ocr_carea' id='block_1_3' title="bbox 202 1387 1311 1479">
    <p class='ocr_par' dir='ltr' id='par_1_4' title="bbox 202 1387 1311 1479">
     <span class='ocr_line' id='line_1_11' title="bbox 202 1387 1311 1479; baseline 0 -24"><span class='ocrx_word' id='word_1_85' title='bbox 202 1392 252 1476; x_wconf 86' lang='lat'>83.</span> <span class='ocrx_word' id='word_1_86' title='bbox 264 1392 436 1479; x_wconf 76' lang='grc' dir='ltr'><strong>1·“..Δοορίοις</strong></span> <span class='ocrx_word' id='word_1_87' title='bbox 445 1399 556 1474; x_wconf 74' lang='grc' dir='ltr'><strong><em>μᾶλλον</em></strong></span> <span class='ocrx_word' id='word_1_88' title='bbox 570 1393 586 1469; x_wconf 73' lang='grc' dir='ltr'>ἢ</span> <span class='ocrx_word' id='word_1_89' title='bbox 600 1393 719 1477; x_wconf 79' lang='grc' dir='ltr'>Λυδίοις]</span> <span class='ocrx_word' id='word_1_90' title='bbox 745 1393 858 1459; x_wconf 82' lang='lat' dir='ltr'>Virtus</span> <span class='ocrx_word' id='word_1_91' title='bbox 873 1393 905 1456; x_wconf 91' lang='lat' dir='ltr'>in</span> <span class='ocrx_word' id='word_1_92' title='bbox 920 1387 1085 1457; x_wconf 69' lang='lat' dir='ltr'>medio&#39;est</span> <span class='ocrx_word' id='word_1_93' title='bbox 1104 1391 1184 1479; x_wconf 82' lang='lat' dir='ltr'>pofi·</span> <span class='ocrx_word' id='word_1_94' title='bbox 1308 1403 1311 1407; x_wconf 88' lang='grc'>’</span> 
     </span>
    </p>
   </div>
   <div class='ocr_carea' id='block_1_4' title="bbox 152 1492 1247 4408">
    <p class='ocr_par' dir='ltr' id='par_1_5' title="bbox 152 1492 1247 4311">
     <span class='ocr_line' id='line_1_12' title="bbox 168 1492 1185 1580; baseline -0.001 -24"><span class='ocrx_word' id='word_1_95' title='bbox 168 1504 197 1556; x_wconf 87' lang='lat' dir='ltr'>ta</span> <span class='ocrx_word' id='word_1_96' title='bbox 208 1493 370 1559; x_wconf 83' lang='lat' dir='ltr'>interduo</span> <span class='ocrx_word' id='word_1_97' title='bbox 390 1496 553 1580; x_wconf 84' lang='lat' dir='ltr'>utrimque</span> <span class='ocrx_word' id='word_1_98' title='bbox 575 1495 671 1558; x_wconf 78' lang='lat' dir='ltr'>vitia:</span> <span class='ocrx_word' id='word_1_99' title='bbox 695 1516 830 1580; x_wconf 87' lang='lat' dir='ltr'>quorum</span> <span class='ocrx_word' id='word_1_100' title='bbox 845 1492 979 1558; x_wconf 86' lang='lat' dir='ltr'>alterum</span> <span class='ocrx_word' id='word_1_101' title='bbox 995 1493 1185 1572; x_wconf 68' lang='lat' dir='ltr'>eliminium,</span> 
     </span>
     <span class='ocr_line' id='line_1_13' title="bbox 163 1594 1184 1684; baseline 0.005 -27"><span class='ocrx_word' id='word_1_102' title='bbox 163 1594 301 1682; x_wconf 70' lang='grc' dir='ltr'>ὅπερόολι),</span> <span class='ocrx_word' id='word_1_103' title='bbox 324 1596 461 1661; x_wconf 85' lang='lat' dir='ltr'>alterum</span> <span class='ocrx_word' id='word_1_104' title='bbox 479 1612 600 1684; x_wconf 83' lang='lat' dir='ltr'>perum,</span> <span class='ocrx_word' id='word_1_105' title='bbox 620 1596 758 1680; x_wconf 72' lang='grc' dir='ltr'>ἔλλοψιςε</span> <span class='ocrx_word' id='word_1_106' title='bbox 781 1595 869 1683; x_wconf 91' lang='lat' dir='ltr'>quod</span> <span class='ocrx_word' id='word_1_107' title='bbox 882 1594 1035 1681; x_wconf 83' lang='lat' dir='ltr'>placitum</span> <span class='ocrx_word' id='word_1_108' title='bbox 1050 1595 1082 1658; x_wconf 89' lang='lat' dir='ltr'>in</span> <span class='ocrx_word' id='word_1_109' title='bbox 1099 1595 1184 1664; x_wconf 82' lang='lat' dir='ltr'>Peri-</span> 
     </span>
     <span class='ocr_line' id='line_1_14' title="bbox 162 1696 1183 1784; baseline 0.001 -24"><span class='ocrx_word' id='word_1_110' title='bbox 162 1697 303 1782; x_wconf 76' lang='lat' dir='ltr'>pateticis</span> <span class='ocrx_word' id='word_1_111' title='bbox 317 1697 433 1762; x_wconf 84' lang='lat' dir='ltr'>illustre</span> <span class='ocrx_word' id='word_1_112' title='bbox 449 1720 525 1762; x_wconf 91' lang='lat' dir='ltr'>cum</span> <span class='ocrx_word' id='word_1_113' title='bbox 541 1699 621 1784; x_wconf 86' lang='lat' dir='ltr'><strong>saepe</strong></span> <span class='ocrx_word' id='word_1_114' title='bbox 643 1710 850 1774; x_wconf 87' lang='lat' dir='ltr'>memoratur,</span> <span class='ocrx_word' id='word_1_115' title='bbox 865 1709 935 1759; x_wconf 89' lang='lat' dir='ltr'>tum</span> <span class='ocrx_word' id='word_1_116' title='bbox 951 1696 1111 1783; x_wconf 74' lang='lat' dir='ltr'>praecipue&#39;</span> <span class='ocrx_word' id='word_1_117' title='bbox 1127 1719 1183 1761; x_wconf 84' lang='lat' dir='ltr'>ex·</span> 
     </span>
     <span class='ocr_line' id='line_1_15' title="bbox 160 1786 1185 1881; baseline 0.003 -21"><span class='ocrx_word' id='word_1_118' title='bbox 160 1797 286 1881; x_wconf 85' lang='lat' dir='ltr'>ponitur</span> <span class='ocrx_word' id='word_1_119' title='bbox 306 1799 348 1862; x_wconf 86' lang='lat' dir='ltr'>ab</span> <span class='ocrx_word' id='word_1_120' title='bbox 368 1786 537 1864; x_wconf 84' lang='lat' dir='ltr'>Aristotele</span> <span class='ocrx_word' id='word_1_121' title='bbox 562 1799 669 1862; x_wconf 89' lang='lat' dir='ltr'>Ethic.</span> <span class='ocrx_word' id='word_1_122' title='bbox 694 1798 734 1862; x_wconf 86' lang='lat' dir='ltr'>ad</span> <span class='ocrx_word' id='word_1_123' title='bbox 753 1798 944 1863; x_wconf 90' lang='lat' dir='ltr'>Nicomach.</span> <span class='ocrx_word' id='word_1_124' title='bbox 967 1799 1010 1861; x_wconf 92' lang='lat' dir='ltr'>Il.</span> <span class='ocrx_word' id='word_1_125' title='bbox 1028 1801 1060 1861; x_wconf 87' lang='lat'>6.</span> <span class='ocrx_word' id='word_1_126' title='bbox 1077 1816 1118 1881; x_wconf 83' lang='lat'>7:</span> <span class='ocrx_word' id='word_1_127' title='bbox 1151 1812 1185 1864; x_wconf 89' lang='lat' dir='ltr'>et</span> 
     </span>
     <span class='ocr_line' id='line_1_16' title="bbox 154 1897 1185 1987; baseline 0.001 -23"><span class='ocrx_word' id='word_1_128' title='bbox 154 1897 218 1985; x_wconf 80' lang='lat' dir='ltr'>jam</span> <span class='ocrx_word' id='word_1_129' title='bbox 231 1913 328 1964; x_wconf 87' lang='lat' dir='ltr'>autea</span> <span class='ocrx_word' id='word_1_130' title='bbox 344 1900 484 1986; x_wconf 80' lang='lat' dir='ltr'>aliquam</span> <span class='ocrx_word' id='word_1_131' title='bbox 504 1900 572 1986; x_wconf 89' lang='lat' dir='ltr'>ejus</span> <span class='ocrx_word' id='word_1_132' title='bbox 596 1914 719 1987; x_wconf 84' lang='lat' dir='ltr'>partem</span> <span class='ocrx_word' id='word_1_133' title='bbox 743 1899 832 1965; x_wconf 83' lang='lat' dir='ltr'>Plato</span> <span class='ocrx_word' id='word_1_134' title='bbox 846 1902 925 1985; x_wconf 83' lang='lat' dir='ltr'><strong>Rep.</strong></span> <span class='ocrx_word' id='word_1_135' title='bbox 942 1901 1001 1963; x_wconf 91' lang='lat' dir='ltr'>IX.</span> <span class='ocrx_word' id='word_1_136' title='bbox 1025 1907 1081 1963; x_wconf 83' lang='grc' dir='ltr'><strong><em>νοῦν</em></strong></span> <span class='ocrx_word' id='word_1_137' title='bbox 1103 1901 1185 1965; x_wconf 86' lang='lat' dir='ltr'>inter</span> 
     </span>
     <span class='ocr_line' id='line_1_17' title="bbox 158 1999 1182 2087; baseline 0.002 -23"><span class='ocrx_word' id='word_1_138' title='bbox 158 1999 233 2065; x_wconf 83' lang='lat' dir='ltr'>duas</span> <span class='ocrx_word' id='word_1_139' title='bbox 255 2000 395 2087; x_wconf 88' lang='lat' dir='ltr'>reliquas</span> <span class='ocrx_word' id='word_1_140' title='bbox 420 2002 534 2066; x_wconf 85' lang='lat' dir='ltr'>animae</span> <span class='ocrx_word' id='word_1_141' title='bbox 556 2015 673 2087; x_wconf 84' lang='lat' dir='ltr'>partes,</span> <span class='ocrx_word' id='word_1_142' title='bbox 697 2004 783 2082; x_wconf 74' lang='grc' dir='ltr'><strong><em>θυμὸν</em></strong></span> <span class='ocrx_word' id='word_1_143' title='bbox 804 2014 837 2065; x_wconf 88' lang='lat' dir='ltr'>et</span> <span class='ocrx_word' id='word_1_144' title='bbox 856 1999 1013 2082; x_wconf 73' lang='grc' dir='ltr'>ἐπιθυμίαν,</span> <span class='ocrx_word' id='word_1_145' title='bbox 1040 2000 1182 2066; x_wconf 88' lang='lat' dir='ltr'>medium</span> 
     </span>
     <span class='ocr_line' id='line_1_18' title="bbox 156 2101 1183 2188; baseline -0.001 -21"><span class='ocrx_word' id='word_1_146' title='bbox 156 2102 299 2167; x_wconf 85' lang='lat' dir='ltr'>obtinere</span> <span class='ocrx_word' id='word_1_147' title='bbox 320 2102 443 2180; x_wconf 88' lang='lat' dir='ltr'>locum,</span> <span class='ocrx_word' id='word_1_148' title='bbox 464 2103 592 2167; x_wconf 80' lang='lat' dir='ltr'>tradidit</span> <span class='ocrx_word' id='word_1_149' title='bbox 613 2125 646 2188; x_wconf 92' lang='lat' dir='ltr'>p.</span> <span class='ocrx_word' id='word_1_150' title='bbox 660 2105 736 2186; x_wconf 83' lang='lat'><strong>506.</strong></span> <span class='ocrx_word' id='word_1_151' title='bbox 753 2103 796 2167; x_wconf 88' lang='lat' dir='ltr'>A.</span> <span class='ocrx_word' id='word_1_152' title='bbox 820 2101 938 2187; x_wconf 90' lang='lat' dir='ltr'>etseq.</span> <span class='ocrx_word' id='word_1_153' title='bbox 960 2101 1046 2187; x_wconf 90' lang='lat' dir='ltr'>quod</span> <span class='ocrx_word' id='word_1_154' title='bbox 1069 2102 1183 2166; x_wconf 69' lang='lat' dir='ltr'>tratiat</span> 
     </span>
     <span class='ocr_line' id='line_1_19' title="bbox 155 2202 1181 2289; baseline -0.001 -21"><span class='ocrx_word' id='word_1_155' title='bbox 155 2202 342 2268; x_wconf 79' lang='lat' dir='ltr'>Plutarchus</span> <span class='ocrx_word' id='word_1_156' title='bbox 355 2203 475 2289; x_wconf 73' lang='lat' dir='ltr'>Quaell.</span> <span class='ocrx_word' id='word_1_157' title='bbox 492 2203 615 2267; x_wconf 77' lang='lat' dir='ltr'>Platon.</span> <span class='ocrx_word' id='word_1_158' title='bbox 629 2205 725 2266; x_wconf 84' lang='lat' dir='ltr'><strong>VIII.</strong></span> <span class='ocrx_word' id='word_1_159' title='bbox 745 2225 777 2287; x_wconf 91' lang='lat' dir='ltr'>p.</span> <span class='ocrx_word' id='word_1_160' title='bbox 796 2217 889 2285; x_wconf 86' lang='lat'><strong>1007.</strong></span> <span class='ocrx_word' id='word_1_161' title='bbox 910 2204 947 2266; x_wconf 83' lang='lat' dir='ltr'>E.</span> <span class='ocrx_word' id='word_1_162' title='bbox 963 2203 1056 2287; x_wconf 87' lang='lat' dir='ltr'>cujus</span> <span class='ocrx_word' id='word_1_163' title='bbox 1071 2203 1103 2266; x_wconf 90' lang='lat' dir='ltr'>in</span> <span class='ocrx_word' id='word_1_164' title='bbox 1120 2204 1181 2267; x_wconf 84' lang='lat' dir='ltr'>line</span> 
     </span>
     <span class='ocr_line' id='line_1_20' title="bbox 153 2301 1179 2390; baseline -0.001 -23"><span class='ocrx_word' id='word_1_165' title='bbox 153 2327 186 2390; x_wconf 89' lang='lat' dir='ltr'>p.</span> <span class='ocrx_word' id='word_1_166' title='bbox 199 2323 291 2390; x_wconf 91' lang='lat'><strong>1009.</strong></span> <span class='ocrx_word' id='word_1_167' title='bbox 303 2303 347 2365; x_wconf 85' lang='lat' dir='ltr'>B:</span> <span class='ocrx_word' id='word_1_168' title='bbox 370 2309 386 2379; x_wconf 81' lang='grc' dir='ltr'><strong>ἡ</strong></span> <span class='ocrx_word' id='word_1_169' title='bbox 398 2309 446 2366; x_wconf 81' lang='grc' dir='ltr'>τοῦ</span> <span class='ocrx_word' id='word_1_170' title='bbox 460 2303 534 2387; x_wconf 61' lang='grc' dir='ltr'>λόγῳ</span> <span class='ocrx_word' id='word_1_171' title='bbox 548 2304 657 2385; x_wconf 77' lang='grc' dir='ltr'><strong><em>δύναμις</em></strong></span> <span class='ocrx_word' id='word_1_172' title='bbox 670 2301 923 2384; x_wconf 65' lang='grc' dir='ltr'><strong><em>ἂντιλοιμὸοινομένη</em></strong></span> <span class='ocrx_word' id='word_1_173' title='bbox 938 2302 1093 2383; x_wconf 78' lang='grc' dir='ltr'><strong><em>κινουμένων</em></strong></span> <span class='ocrx_word' id='word_1_174' title='bbox 1109 2303 1179 2366; x_wconf 72' lang='grc' dir='ltr'>ἁλί-</span> 
     </span>
     <span class='ocr_line' id='line_1_21' title="bbox 153 2404 1179 2491; baseline 0.003 -23"><span class='ocrx_word' id='word_1_175' title='bbox 153 2430 209 2488; x_wconf 79' lang='grc' dir='ltr'>γιος</span> <span class='ocrx_word' id='word_1_176' title='bbox 225 2414 279 2468; x_wconf 73' lang='grc' dir='ltr'><strong><em>τῶν</em></strong></span> <span class='ocrx_word' id='word_1_177' title='bbox 299 2409 406 2466; x_wconf 54' lang='lat' dir='ltr'>mahali</span> <span class='ocrx_word' id='word_1_178' title='bbox 426 2405 456 2489; x_wconf 64' lang='lat' dir='ltr'>a}</span> <span class='ocrx_word' id='word_1_179' title='bbox 471 2405 677 2488; x_wconf 73' lang='lat' dir='ltr'>ourappdrleoa</span> <span class='ocrx_word' id='word_1_180' title='bbox 695 2406 761 2491; x_wconf 70' lang='grc' dir='ltr'>περὶ</span> <span class='ocrx_word' id='word_1_181' title='bbox 776 2409 857 2482; x_wconf 74' lang='grc' dir='ltr'><strong><em>αὐτὴν</em></strong></span> <span class='ocrx_word' id='word_1_182' title='bbox 876 2409 911 2478; x_wconf 67' lang='lat' dir='ltr'>rig</span> <span class='ocrx_word' id='word_1_183' title='bbox 924 2407 955 2467; x_wconf 79' lang='grc' dir='ltr'>τὸ</span> <span class='ocrx_word' id='word_1_184' title='bbox 968 2404 1074 2490; x_wconf 80' lang='grc' dir='ltr'><strong><em>με’τριον</em></strong></span> <span class='ocrx_word' id='word_1_185' title='bbox 1089 2405 1179 2471; x_wconf 77' lang='grc' dir='ltr'><strong><em>ἐλλεί-</em></strong></span> 
     </span>
     <span class='ocr_line' id='line_1_22' title="bbox 152 2502 1179 2590; baseline 0.005 -24"><span class='ocrx_word' id='word_1_186' title='bbox 152 2509 224 2579; x_wconf 68' lang='grc' dir='ltr'>ψεως</span> <span class='ocrx_word' id='word_1_187' title='bbox 237 2504 284 2582; x_wconf 66' lang='lat' dir='ltr'>nol</span> <span class='ocrx_word' id='word_1_188' title='bbox 298 2502 446 2590; x_wconf 67' lang='grc' dir='ltr'><strong><em>ύπερὸολῆς</em></strong></span> <span class='ocrx_word' id='word_1_189' title='bbox 462 2505 603 2584; x_wconf 75' lang='grc' dir='ltr'><strong><em>μεσότητα</em></strong></span> <span class='ocrx_word' id='word_1_190' title='bbox 623 2504 766 2582; x_wconf 60' lang='lat' dir='ltr'>ita-limet.</span> <span class='ocrx_word' id='word_1_191' title='bbox 802 2508 888 2590; x_wconf 85' lang='lat' dir='ltr'>Ergo</span> <span class='ocrx_word' id='word_1_192' title='bbox 906 2504 1001 2568; x_wconf 81' lang='lat' dir='ltr'>etlam</span> <span class='ocrx_word' id='word_1_193' title='bbox 1023 2505 1085 2585; x_wconf 77' lang='lat' dir='ltr'>hoc</span> <span class='ocrx_word' id='word_1_194' title='bbox 1107 2507 1179 2571; x_wconf 77' lang='lat' dir='ltr'>loco</span> 
     </span>
     <span class='ocr_line' id='line_1_23' title="bbox 152 2605 1247 2693; baseline 0.003 -26"><span class='ocrx_word' id='word_1_195' title='bbox 152 2608 298 2682; x_wconf 66' lang='grc' dir='ltr'>ἐλλείψεως</span> <span class='ocrx_word' id='word_1_196' title='bbox 321 2605 514 2671; x_wconf 85' lang='lat' dir='ltr'>vocabulum</span> <span class='ocrx_word' id='word_1_197' title='bbox 539 2606 609 2693; x_wconf 86' lang='lat' dir='ltr'>quis</span> <span class='ocrx_word' id='word_1_198' title='bbox 633 2606 796 2684; x_wconf 80' lang='lat' dir='ltr'>desideret,</span> <span class='ocrx_word' id='word_1_199' title='bbox 821 2621 856 2670; x_wconf 94' lang='lat' dir='ltr'>et</span> <span class='ocrx_word' id='word_1_200' title='bbox 877 2605 1050 2690; x_wconf 81' lang='lat' dir='ltr'>legendum</span> <span class='ocrx_word' id='word_1_201' title='bbox 1075 2620 1178 2691; x_wconf 89' lang='lat' dir='ltr'>putet,</span> <span class='ocrx_word' id='word_1_202' title='bbox 1244 2608 1247 2612; x_wconf 71' lang='grc'><strong>’</strong></span> 
     </span>
     <span class='ocr_line' id='line_1_24' title="bbox 153 2703 1178 2791; baseline 0.003 -24"><span class='ocrx_word' id='word_1_203' title='bbox 153 2705 265 2790; x_wconf 77' lang='grc' dir='ltr'><strong><em>Δωρίοις</em></strong></span> <span class='ocrx_word' id='word_1_204' title='bbox 284 2711 396 2787; x_wconf 76' lang='grc' dir='ltr'><strong><em>μᾶλλον</em></strong></span> <span class='ocrx_word' id='word_1_205' title='bbox 411 2703 426 2782; x_wconf 77' lang='lat' dir='ltr'>l</span> <span class='ocrx_word' id='word_1_206' title='bbox 439 2705 747 2790; x_wconf 67' lang='grc' dir='ltr'><strong><em>Λυδίοις-ύιιερὲολοιῖς</em></strong></span> <span class='ocrx_word' id='word_1_207' title='bbox 761 2705 806 2784; x_wconf 61' lang='grc' dir='ltr'>κο)</span> <span class='ocrx_word' id='word_1_208' title='bbox 821 2706 961 2781; x_wconf 58' lang='lat' dir='ltr'>&amp;huddredo</span> <span class='ocrx_word' id='word_1_209' title='bbox 977 2705 1178 2791; x_wconf 69' lang='grc' dir='ltr'>ἁμαρτάνομεν.</span> 
     </span>
     <span class='ocr_line' id='line_1_25' title="bbox 154 2804 1179 2892; baseline -0.001 -20"><span class='ocrx_word' id='word_1_210' title='bbox 154 2806 289 2872; x_wconf 75' lang='lat' dir='ltr'>Fortasse</span> <span class='ocrx_word' id='word_1_211' title='bbox 312 2819 420 2870; x_wconf 85' lang='lat' dir='ltr'>tamen</span> <span class='ocrx_word' id='word_1_212' title='bbox 440 2804 627 2870; x_wconf 79' lang='lat' dir='ltr'>Plutarchus</span> <span class='ocrx_word' id='word_1_213' title='bbox 640 2830 706 2871; x_wconf 85' lang='lat' dir='ltr'>uno</span> <span class='ocrx_word' id='word_1_214' title='bbox 725 2805 883 2892; x_wconf 70' lang='grc' dir='ltr'><strong><em>ὑπερὲολοιῖς</em></strong></span> <span class='ocrx_word' id='word_1_215' title='bbox 899 2807 1027 2869; x_wconf 86' lang='lat' dir='ltr'>nomine</span> <span class='ocrx_word' id='word_1_216' title='bbox 1041 2808 1113 2870; x_wconf 87' lang='lat' dir='ltr'>ulus</span> <span class='ocrx_word' id='word_1_217' title='bbox 1134 2810 1179 2872; x_wconf 89' lang='lat' dir='ltr'>est</span> 
     </span>
     <span class='ocr_line' id='line_1_26' title="bbox 154 2907 1177 2996; baseline -0.002 -22"><span class='ocrx_word' id='word_1_218' title='bbox 154 2932 255 2996; x_wconf 83' lang='lat' dir='ltr'>eoque</span> <span class='ocrx_word' id='word_1_219' title='bbox 277 2923 449 2995; x_wconf 88' lang='lat' dir='ltr'>utramque</span> <span class='ocrx_word' id='word_1_220' title='bbox 472 2931 492 2973; x_wconf 88' lang='lat' dir='ltr'>a</span> <span class='ocrx_word' id='word_1_221' title='bbox 514 2908 620 2973; x_wconf 91' lang='lat' dir='ltr'>medio</span> <span class='ocrx_word' id='word_1_222' title='bbox 641 2908 865 2987; x_wconf 86' lang='lat' dir='ltr'>disceffionem,</span> <span class='ocrx_word' id='word_1_223' title='bbox 890 2931 965 2972; x_wconf 89' lang='lat' dir='ltr'>cum</span> <span class='ocrx_word' id='word_1_224' title='bbox 989 2907 1030 2972; x_wconf 85' lang='lat' dir='ltr'>ad</span> <span class='ocrx_word' id='word_1_225' title='bbox 1052 2930 1177 2995; x_wconf 80' lang='lat' dir='ltr'>parum,</span> 
     </span>
     <span class='ocr_line' id='line_1_27' title="bbox 152 3009 1178 3096; baseline 0.003 -22"><span class='ocrx_word' id='word_1_226' title='bbox 152 3023 222 3074; x_wconf 85' lang='lat' dir='ltr'>tum</span> <span class='ocrx_word' id='word_1_227' title='bbox 237 3010 278 3074; x_wconf 82' lang='lat' dir='ltr'>ad</span> <span class='ocrx_word' id='word_1_228' title='bbox 293 3009 442 3088; x_wconf 86' lang='lat' dir='ltr'>nimium,</span> <span class='ocrx_word' id='word_1_229' title='bbox 463 3010 653 3096; x_wconf 83' lang='lat' dir='ltr'>significavit.</span> <span class='ocrx_word' id='word_1_230' title='bbox 694 3010 815 3074; x_wconf 89' lang='lat' dir='ltr'>Dorica</span> <span class='ocrx_word' id='word_1_231' title='bbox 834 3009 938 3094; x_wconf 78' lang='lat' dir='ltr'>gravis</span> <span class='ocrx_word' id='word_1_232' title='bbox 959 3022 993 3074; x_wconf 90' lang='lat' dir='ltr'>et</span> <span class='ocrx_word' id='word_1_233' title='bbox 1013 3011 1115 3076; x_wconf 87' lang='lat' dir='ltr'>severa</span> <span class='ocrx_word' id='word_1_234' title='bbox 1135 3013 1178 3077; x_wconf 88' lang='lat' dir='ltr'>est</span> 
     </span>
     <span class='ocr_line' id='line_1_28' title="bbox 154 3095 1177 3197; baseline 0.002 -22"><span class='ocrx_word' id='word_1_235' title='bbox 154 3110 329 3188; x_wconf 85' lang='lat' dir='ltr'>harmonia,</span> <span class='ocrx_word' id='word_1_236' title='bbox 351 3109 456 3197; x_wconf 84' lang='lat' dir='ltr'>Lydia</span> <span class='ocrx_word' id='word_1_237' title='bbox 480 3095 583 3175; x_wconf 81' lang='lat' dir='ltr'>mollis</span> <span class='ocrx_word' id='word_1_238' title='bbox 605 3124 637 3174; x_wconf 90' lang='lat' dir='ltr'>et</span> <span class='ocrx_word' id='word_1_239' title='bbox 659 3109 754 3176; x_wconf 87' lang='lat' dir='ltr'>levis:</span> <span class='ocrx_word' id='word_1_240' title='bbox 783 3110 868 3175; x_wconf 87' lang='lat' dir='ltr'>unde</span> <span class='ocrx_word' id='word_1_241' title='bbox 893 3110 980 3174; x_wconf 90' lang='lat' dir='ltr'>illam</span> <span class='ocrx_word' id='word_1_242' title='bbox 1007 3125 1045 3174; x_wconf 91' lang='lat' dir='ltr'>ut</span> <span class='ocrx_word' id='word_1_243' title='bbox 1069 3124 1177 3196; x_wconf 85' lang='lat' dir='ltr'>aptam</span> 
     </span>
     <span class='ocr_line' id='line_1_29' title="bbox 153 3211 1178 3298; baseline 0 -22"><span class='ocrx_word' id='word_1_244' title='bbox 153 3211 382 3298; x_wconf 72' lang='lat' dir='ltr'>componendis</span> <span class='ocrx_word' id='word_1_245' title='bbox 403 3211 546 3276; x_wconf 83' lang='lat' dir='ltr'>moribus</span> <span class='ocrx_word' id='word_1_246' title='bbox 562 3211 600 3276; x_wconf 64' lang='lat' dir='ltr'>‘in</span> <span class='ocrx_word' id='word_1_247' title='bbox 622 3212 795 3297; x_wconf 85' lang='lat' dir='ltr'>Republica</span> <span class='ocrx_word' id='word_1_248' title='bbox 809 3212 951 3297; x_wconf 86' lang='lat' dir='ltr'>probavit</span> <span class='ocrx_word' id='word_1_249' title='bbox 975 3212 1074 3290; x_wconf 85' lang='lat' dir='ltr'>Plato,</span> <span class='ocrx_word' id='word_1_250' title='bbox 1094 3212 1178 3276; x_wconf 85' lang='lat' dir='ltr'>hanc</span> 
     </span>
     <span class='ocr_line' id='line_1_30' title="bbox 154 3313 1176 3399; baseline 0.001 -22"><span class='ocrx_word' id='word_1_251' title='bbox 154 3325 190 3377; x_wconf 88' lang='lat' dir='ltr'>ut</span> <span class='ocrx_word' id='word_1_252' title='bbox 215 3313 290 3378; x_wconf 86' lang='lat' dir='ltr'>huic</span> <span class='ocrx_word' id='word_1_253' title='bbox 315 3313 476 3399; x_wconf 87' lang='lat' dir='ltr'>propofito</span> <span class='ocrx_word' id='word_1_254' title='bbox 502 3313 708 3378; x_wconf 84' lang='lat' dir='ltr'>adversariam</span> <span class='ocrx_word' id='word_1_255' title='bbox 735 3313 924 3399; x_wconf 85' lang='lat' dir='ltr'>improbavit</span> <span class='ocrx_word' id='word_1_256' title='bbox 950 3316 1028 3399; x_wconf 90' lang='lat' dir='ltr'><strong>Rep.</strong></span> <span class='ocrx_word' id='word_1_257' title='bbox 1053 3314 1114 3377; x_wconf 93' lang='lat' dir='ltr'>Ill.</span> <span class='ocrx_word' id='word_1_258' title='bbox 1143 3334 1176 3398; x_wconf 91' lang='lat' dir='ltr'>p.</span> 
     </span>
     <span class='ocr_line' id='line_1_31' title="bbox 154 3403 1176 3498; baseline 0.001 -22"><span class='ocrx_word' id='word_1_259' title='bbox 154 3403 224 3496; x_wconf 64' lang='lat'><strong>437.</strong></span> <span class='ocrx_word' id='word_1_260' title='bbox 241 3412 281 3491; x_wconf 89' lang='lat' dir='ltr'>C,</span> <span class='ocrx_word' id='word_1_261' title='bbox 294 3414 339 3478; x_wconf 94' lang='lat' dir='ltr'>D.</span> <span class='ocrx_word' id='word_1_262' title='bbox 364 3411 535 3498; x_wconf 85' lang='lat' dir='ltr'>Phrygiam</span> <span class='ocrx_word' id='word_1_263' title='bbox 550 3424 656 3476; x_wconf 89' lang='lat' dir='ltr'>tamen</span> <span class='ocrx_word' id='word_1_264' title='bbox 671 3413 840 3476; x_wconf 86' lang='lat' dir='ltr'>adhibens:</span> <span class='ocrx_word' id='word_1_265' title='bbox 865 3413 897 3476; x_wconf 91' lang='lat' dir='ltr'>in</span> <span class='ocrx_word' id='word_1_266' title='bbox 918 3427 1052 3498; x_wconf 91' lang='lat' dir='ltr'>utroque</span> <span class='ocrx_word' id='word_1_267' title='bbox 1068 3435 1176 3497; x_wconf 79' lang='lat' dir='ltr'>repre·</span> 
     </span>
     <span class='ocr_line' id='line_1_32' title="bbox 156 3511 1177 3599; baseline 0.002 -22"><span class='ocrx_word' id='word_1_268' title='bbox 156 3512 266 3579; x_wconf 80' lang='lat' dir='ltr'>heusue</span> <span class='ocrx_word' id='word_1_269' title='bbox 279 3511 441 3578; x_wconf 83' lang='lat' dir='ltr'>Aristoteli</span> <span class='ocrx_word' id='word_1_270' title='bbox 456 3512 592 3599; x_wconf 87' lang='lat' dir='ltr'>Republ.</span> <span class='ocrx_word' id='word_1_271' title='bbox 603 3514 696 3577; x_wconf 92' lang='lat' dir='ltr'><strong>VIII.</strong></span> <span class='ocrx_word' id='word_1_272' title='bbox 711 3530 742 3596; x_wconf 89' lang='lat'>7.</span> <span class='ocrx_word' id='word_1_273' title='bbox 766 3514 891 3577; x_wconf 81' lang='lat' dir='ltr'>Doricus</span> <span class='ocrx_word' id='word_1_274' title='bbox 905 3513 1122 3598; x_wconf 86' lang='lat' dir='ltr'>metaphorice</span> <span class='ocrx_word' id='word_1_275' title='bbox 1136 3513 1177 3594; x_wconf 81' lang='lat' dir='ltr'>de</span> 
     </span>
     <span class='ocr_line' id='line_1_33' title="bbox 155 3614 1177 3701; baseline 0.003 -23"><span class='ocrx_word' id='word_1_276' title='bbox 155 3615 271 3701; x_wconf 82' lang='lat' dir='ltr'>optima</span> <span class='ocrx_word' id='word_1_277' title='bbox 291 3615 365 3678; x_wconf 82' lang='lat' dir='ltr'>vitae</span> <span class='ocrx_word' id='word_1_278' title='bbox 387 3615 491 3678; x_wconf 84' lang='lat' dir='ltr'>forma</span> <span class='ocrx_word' id='word_1_279' title='bbox 510 3629 544 3677; x_wconf 91' lang='lat' dir='ltr'>et</span> <span class='ocrx_word' id='word_1_280' title='bbox 566 3614 692 3678; x_wconf 73' lang='lat' dir='ltr'>aelione</span> <span class='ocrx_word' id='word_1_281' title='bbox 713 3614 829 3678; x_wconf 87' lang='lat' dir='ltr'>dicitur</span> <span class='ocrx_word' id='word_1_282' title='bbox 850 3616 890 3680; x_wconf 90' lang='lat' dir='ltr'>ab</span> <span class='ocrx_word' id='word_1_283' title='bbox 911 3618 1024 3680; x_wconf 88' lang='lat' dir='ltr'>eodem</span> <span class='ocrx_word' id='word_1_284' title='bbox 1046 3616 1177 3682; x_wconf 68' lang='lat' dir='ltr'>Platore</span> 
     </span>
     <span class='ocr_line' id='line_1_34' title="bbox 157 3715 1175 3802; baseline 0.001 -21"><span class='ocrx_word' id='word_1_285' title='bbox 157 3717 291 3782; x_wconf 76' lang='lat' dir='ltr'>lachete</span> <span class='ocrx_word' id='word_1_286' title='bbox 306 3738 339 3802; x_wconf 93' lang='lat' dir='ltr'>p.</span> <span class='ocrx_word' id='word_1_287' title='bbox 350 3735 424 3801; x_wconf 76' lang='lat'><strong>249.</strong></span> <span class='ocrx_word' id='word_1_288' title='bbox 438 3717 487 3779; x_wconf 85' lang='lat' dir='ltr'>H:</span> <span class='ocrx_word' id='word_1_289' title='bbox 504 3717 575 3777; x_wconf 80' lang='grc' dir='ltr'><strong><em>δοκεῖ</em></strong></span> <span class='ocrx_word' id='word_1_290' title='bbox 586 3717 704 3799; x_wconf 80' lang='grc' dir='ltr'><strong><em>μνσιοιὸς</em></strong></span> <span class='ocrx_word' id='word_1_291' title='bbox 719 3721 731 3777; x_wconf 87' lang='grc' dir='ltr'><strong>ὁ</strong></span> <span class='ocrx_word' id='word_1_292' title='bbox 746 3721 849 3790; x_wconf 78' lang='grc' dir='ltr'><strong><em>τοιέτος</em></strong></span> <span class='ocrx_word' id='word_1_293' title='bbox 864 3715 940 3795; x_wconf 55' lang='lat' dir='ltr'>eluar,</span> <span class='ocrx_word' id='word_1_294' title='bbox 956 3718 1085 3801; x_wconf 75' lang='grc' dir='ltr'><strong><em>ἁρμονίαν</em></strong></span> <span class='ocrx_word' id='word_1_295' title='bbox 1100 3735 1175 3783; x_wconf 83' lang='grc' dir='ltr'><strong><em>κοιλ-</em></strong></span> 
     </span>
     <span class='ocr_line' id='line_1_35' title="bbox 157 3804 1175 3905; baseline 0 -24"><span class='ocrx_word' id='word_1_296' title='bbox 157 3815 225 3892; x_wconf 68' lang='grc' dir='ltr'><strong><em>λίςην</em></strong></span> <span class='ocrx_word' id='word_1_297' title='bbox 246 3818 422 3905; x_wconf 72' lang='grc' dir='ltr'><strong><em>ἡρμοσμένος·</em></strong></span> <span class='ocrx_word' id='word_1_298' title='bbox 446 3820 476 3880; x_wconf 79' lang='grc' dir='ltr'>οὐ</span> <span class='ocrx_word' id='word_1_299' title='bbox 498 3817 595 3901; x_wconf 82' lang='grc' dir='ltr'><strong><em>λύραν,</em></strong></span> <span class='ocrx_word' id='word_1_300' title='bbox 617 3819 674 3880; x_wconf 77' lang='grc' dir='ltr'>οὐδὲ</span> <span class='ocrx_word' id='word_1_301' title='bbox 695 3820 810 3891; x_wconf 79' lang='grc' dir='ltr'><strong><em>παιδιᾶς</em></strong></span> <span class='ocrx_word' id='word_1_302' title='bbox 831 3816 946 3904; x_wconf 80' lang='grc' dir='ltr'><strong><em>ὄργανα·</em></strong></span> <span class='ocrx_word' id='word_1_303' title='bbox 971 3804 1050 3882; x_wconf 67' lang='grc' dir='ltr'>ἀλλὰ</span> <span class='ocrx_word' id='word_1_304' title='bbox 1067 3822 1099 3883; x_wconf 79' lang='grc' dir='ltr'>τὸ</span> <span class='ocrx_word' id='word_1_305' title='bbox 1121 3818 1175 3883; x_wconf 81' lang='grc' dir='ltr'><strong><em>ὄντι</em></strong></span> 
     </span>
     <span class='ocr_line' id='line_1_36' title="bbox 158 3909 1176 4006; baseline 0.004 -27"><span class='ocrx_word' id='word_1_306' title='bbox 158 3920 196 4000; x_wconf 66' lang='grc' dir='ltr'><strong><em>ζῇν</em></strong></span> <span class='ocrx_word' id='word_1_307' title='bbox 211 3917 383 4002; x_wconf 71' lang='grc' dir='ltr'><strong><em>ἡρμοσμένος·</em></strong></span> <span class='ocrx_word' id='word_1_308' title='bbox 409 3916 438 3979; x_wconf 84' lang='grc' dir='ltr'>οὗ</span> <span class='ocrx_word' id='word_1_309' title='bbox 452 3919 533 3991; x_wconf 76' lang='grc' dir='ltr'><strong>αὐτὸς</strong></span> <span class='ocrx_word' id='word_1_310' title='bbox 547 3923 630 3980; x_wconf 79' lang='grc' dir='ltr'><strong><em>αὐτοῦ</em></strong></span> <span class='ocrx_word' id='word_1_311' title='bbox 645 3920 689 3981; x_wconf 76' lang='grc' dir='ltr'><strong><em>τὸν</em></strong></span> <span class='ocrx_word' id='word_1_312' title='bbox 702 3918 760 3996; x_wconf 86' lang='grc' dir='ltr'><strong><em>βίον</em></strong></span> <span class='ocrx_word' id='word_1_313' title='bbox 774 3919 916 4000; x_wconf 71' lang='grc' dir='ltr'><strong><em>σύμφωνον</em></strong></span> <span class='ocrx_word' id='word_1_314' title='bbox 928 3909 983 3992; x_wconf 81' lang='grc' dir='ltr'><strong><em>τοῖς</em></strong></span> <span class='ocrx_word' id='word_1_315' title='bbox 997 3920 1088 4003; x_wconf 81' lang='grc' dir='ltr'><strong><em>λόγοις</em></strong></span> <span class='ocrx_word' id='word_1_316' title='bbox 1104 3922 1176 4006; x_wconf 69' lang='grc' dir='ltr'>πρὸς</span> 
     </span>
     <span class='ocr_line' id='line_1_37' title="bbox 156 4016 1175 4104; baseline 0.005 -28"><span class='ocrx_word' id='word_1_317' title='bbox 156 4023 189 4078; x_wconf 74' lang='grc' dir='ltr'>τὰ</span> <span class='ocrx_word' id='word_1_318' title='bbox 204 4016 272 4102; x_wconf 76' lang='grc' dir='ltr'>ἔργα</span> <span class='ocrx_word' id='word_1_319' title='bbox 290 4023 417 4103; x_wconf 60' lang='grc' dir='ltr'><strong><em>ἰσχνῶς</em></strong></span> <span class='ocrx_word' id='word_1_320' title='bbox 433 4019 629 4102; x_wconf 81' lang='grc' dir='ltr'><strong>Δωρις1,οἰλλ’</strong></span> <span class='ocrx_word' id='word_1_321' title='bbox 651 4023 698 4080; x_wconf 79' lang='grc' dir='ltr'>οὐκ</span> <span class='ocrx_word' id='word_1_322' title='bbox 717 4018 799 4089; x_wconf 58' lang='lat' dir='ltr'>’lad‘</span> <span class='ocrx_word' id='word_1_323' title='bbox 828 4018 902 4100; x_wconf 66' lang='grc' dir='ltr'><strong><em>οἶμαι</em></strong></span> <span class='ocrx_word' id='word_1_324' title='bbox 922 4021 949 4081; x_wconf 78' lang='grc' dir='ltr'>δὲ</span> <span class='ocrx_word' id='word_1_325' title='bbox 969 4021 1025 4081; x_wconf 75' lang='grc' dir='ltr'>οὐδὲ</span> <span class='ocrx_word' id='word_1_326' title='bbox 1041 4021 1175 4104; x_wconf 59' lang='lat' dir='ltr'>(upupis-l,</span> 
     </span>
     <span class='ocr_line' id='line_1_38' title="bbox 160 4119 1176 4205; baseline 0.003 -23"><span class='ocrx_word' id='word_1_327' title='bbox 160 4119 207 4198; x_wconf 71' lang='lat' dir='ltr'>alli</span> <span class='ocrx_word' id='word_1_328' title='bbox 220 4120 323 4193; x_wconf 78' lang='grc' dir='ltr'><strong><em>Λοδιςί·</em></strong></span> <span class='ocrx_word' id='word_1_329' title='bbox 347 4121 417 4184; x_wconf 75' lang='grc' dir='ltr'>ἀλλ’</span> <span class='ocrx_word' id='word_1_330' title='bbox 432 4121 498 4205; x_wconf 54' lang='lat' dir='ltr'>drop</span> <span class='ocrx_word' id='word_1_331' title='bbox 510 4120 575 4201; x_wconf 75' lang='grc' dir='ltr'><strong><em>μίνη</em></strong></span> <span class='ocrx_word' id='word_1_332' title='bbox 590 4120 739 4196; x_wconf 73' lang='grc' dir='ltr'><strong><em>Ἐλληνικῆ</em></strong></span> <span class='ocrx_word' id='word_1_333' title='bbox 758 4124 813 4192; x_wconf 77' lang='grc' dir='ltr'><strong><em>ἑςιν</em></strong></span> <span class='ocrx_word' id='word_1_334' title='bbox 829 4121 956 4204; x_wconf 81' lang='grc' dir='ltr'><strong><em>οἱρμονίοι.</em></strong></span> <span class='ocrx_word' id='word_1_335' title='bbox 989 4120 1176 4192; x_wconf 80' lang='lat' dir='ltr'>Plutarchue</span> 
     </span>
     <span class='ocr_line' id='line_1_39' title="bbox 160 4217 1176 4311; baseline 0.005 -30"><span class='ocrx_word' id='word_1_336' title='bbox 160 4217 307 4305; x_wconf 82' lang='lat' dir='ltr'>Lysandro</span> <span class='ocrx_word' id='word_1_337' title='bbox 327 4244 362 4311; x_wconf 91' lang='lat' dir='ltr'><strong>p.</strong></span> <span class='ocrx_word' id='word_1_338' title='bbox 378 4220 458 4306; x_wconf 87' lang='lat'><strong>436.</strong></span> <span class='ocrx_word' id='word_1_339' title='bbox 477 4221 529 4285; x_wconf 88' lang='lat' dir='ltr'>A:</span> <span class='ocrx_word' id='word_1_340' title='bbox 560 4220 897 4307; x_wconf 74' lang='grc' dir='ltr'><strong><em>Καλλικρατίδας-ἁνὴρ</em></strong></span> <span class='ocrx_word' id='word_1_341' title='bbox 921 4220 1040 4305; x_wconf 70' lang='grc' dir='ltr'><strong><em>ἐφαίνετο</em></strong></span> <span class='ocrx_word' id='word_1_342' title='bbox 1061 4222 1176 4290; x_wconf 72' lang='grc' dir='ltr'><strong><em>πάντων</em></strong></span> 
     </span>
    </p>

    <p class='ocr_par' dir='ltr' id='par_1_6' title="bbox 623 4341 715 4408">
     <span class='ocr_line' id='line_1_40' title="bbox 623 4341 715 4408; baseline -0.065 0"><span class='ocrx_word' id='word_1_343' title='bbox 623 4341 647 4386; x_wconf 70' lang='lat'><strong>⁰</strong></span> <span class='ocrx_word' id='word_1_344' title='bbox 659 4341 715 4408; x_wconf 79' lang='lat'>&lt;14</span> 
     </span>
    </p>
   </div>
   <div class='ocr_carea' id='block_1_5' title="bbox 0 0 1350 4770">
    <p class='ocr_par' dir='ltr' id='par_1_7' title="bbox 0 0 1350 4770">
     <span class='ocr_line' id='line_1_41' title="bbox 0 0 1350 4770; baseline 0 2"><span class='ocrx_word' id='word_1_345' title='bbox 0 0 1350 4770; x_wconf 95' lang='lat' dir='ltr'> </span> 
     </span>
    </p>
   </div>
  </div>
 </body>
</html>
