2692 4770
144 236 212 334 'ros
344 269 383 329 n.
394 270 447 331 w.
465 262 674 330 annrmv.
694 269 752 362 nr¹
762 268 995 335 muranum

150 429 237 518 χίας.
263 430 368 518 Igitur
380 434 502 519 monui
516 433 590 500 sunt
601 432 764 516 «ὶδαῖμοκς,
783 432 921 520 ideoque
940 431 980 497 iis
991 429 1183 498 uibuendra

152 546 188 598 et
198 536 377 622 μακαρισμὸς
390 539 426 601 'ct
443 535 558 611 huns
580 547 614 601 et
629 557 703 600 vero
723 534 828 610 ἔπαινος
844 557 918 601 eum
936 533 1002 598 vim
1019 533 1131 613 babet,
1145 546 1184 600 ut

151 634 302 716 ὖήσαθαξ
319 663 348 700 rr
369 639 433 701 κατ’
447 637 537 703 ahur
558 636 606 719 xa}
620 639 653 701 τὸ
673 638 849 721 βλασφημῖν
870 641 926 722 οὐχ
941 633 1086 717 διον-Εἰς
1110 656 1183 722 quc

152 735 228 802 funt
249 738 411 804 Plutarchi
426 737 490 805 boc
509 740 581 805 loco
596 740 701 807 verbe.
733 740 914 828 Attigimur
932 738 1017 806 banc
1031 737 1183 804 differen-

150 839 229 905 tiam
254 841 287 908 in
309 842 481 908 Animadv.
507 843 549 908 ad
572 842 692 909 Juliani
714 843 771 910 Or.
792 846 820 910 I.
843 867 876 932 p.
890 848 935 933 9.'
943 845 990 909 D.
1025 840 1182 909 Biblioth.

152 941 232 1007 Crit.
248 943 323 1008 Vol.
340 945 403 1009 111.
420 946 455 1009 Ρ.
468 947 495 1008 l.
512 966 547 1031 p.
561 958 616 1029 54.

195 1059 268 1130 115.
281 1046 321 1110 C.
343 1047 425 1121 οὐδεὶς
438 1046 504 1110 oller
518 1045 579 1110 οὔτε
592 1054 641 1110 τοῦ
650 1048 740 1134 χθόνα
752 1051 801 1126 τὴν
814 1047 973 1134 nimiu-³]
997 1043 1184 1111 Aristoteles

150 1145 221 1210 haec
240 1146 378 1212 scribens
391 1147 556 1234 cogitabat
572 1147 796 1214 nobiliffimum
817 1146 898 1213 illud
920 1146 962 1212 de
981 1145 1057 1234 lege
1078 1145 1185 1212 dirior.

150 1247 272 1314 dictum
289 1247 471 1334 Sophoclis,
485 1249 669 1336 Antigonea
680 1251 745 1332 4⁶6
759 1276 768 1314 r

320 1350 938 1437 Odyo‘rgrrniryraqixbigrim’ririmrr

319 1455 362 1537 Ζῇ
372 1458 478 1531 ταῦτα,
494 1455 520 1515 κ’
534 1453 603 1526 tuh
616 1452 682 1516 oller
696 1456 727 1532 if
740 1452 790 1517 dra
804 1453 884 1537 φάνη.

150 1566 186 1618 et
199 1552 264 1638 ipse
277 1550 341 1616 boc
355 1551 431 1616 alibi
445 1551 525 1617 citat
534 1564 568 1617 et
583 1551 786 1634 Plutarchus,
796 1566 836 1618 ut
849 1554 905 1619 suo
919 1552 992 1617 loco
1004 1551 1161 1619 dicemus.

195 1667 268 1738 115.
285 1652 326 1718 C.
350 1657 382 1716 lx
399 1661 530 1718 παλαιοῦ
548 1653 639 1742 χςὸνυ
656 1653 833 1743 περιφέρεται
853 1654 1111 1742 θρυλλοῦμνομ]
1141 1657 1186 1721 Et

151 1757 223 1823 haec
244 1756 391 1822 scribenti
410 1758 443 1823 in
464 1757 572 1822 animo
586 1758 765 1823 versabatur
783 1756 899 1823 nobilis
918 1756 1076 1823 sententia
1089 1754 1184 1822 Euri·

150 1858 234 1948 pidis
249 1881 289 1924 ex
301 1858 551 1957 Bellerophonte
566 1881 618 1946 ap.
635 1861 726 1925 Stob.
740 1879 816 1945 531.
839 1861 934 1923 Grot.
947 1878 1025 1945 409.
1080 1871 1083 1875 “

318 1961 400 2047 ’aya
409 1964 442 2027 τὸ
455 1964 505 2045 μὲν
519 1966 548 2042 δὴ
562 1970 718 2049 πανταχοῦ
730 1961 919 2050 &rumim

320 2064 463 2152 Reium
476 2064 541 2144 daal
553 2083 633 2148 φημ’,
645 2067 684 2146 ri
698 2071 787 2148 onas,
801 2067 904 2150 firmi·

151 2163 299 2230 Multum
311 2164 471 2229 varietatis
485 2166 529 2230 est
543 2164 575 2228 in
588 2164 693 2229 librisr
717 2170 748 2228 ἐκ
762 2171 880 2228 maharai
892 2165 982 2251 χρόνω
994 2165 1080 2230 abest
1092 2163 1126 2228 in
1139 2164 1185 2229 A.

153 2264 194 2329 C.
207 2266 260 2330 D:
284 2264 385 2330 solum
400 2270 431 2329 ἐκ
447 2266 531 2330 abest
546 2265 579 2329 in
601 2266 640 2329 B.
655 2268 694 2331 F„
708 2265 795 2330 Vols.
812 2265 913 2330 Periz.
926 2265 1005 2330 Ald.
1020 2265 1092 2330 Bas.
1106 2263 1187 2352 Xyl.

151 2370 190 2431 Z.
205 2364 262 2432 dat
274 2371 306 2433 lx
317 2375 366 2431 τοῦ
377 2376 508 2431 παλαιοῦ
520 2367 632 2455 χρόνοι
655 2368 747 2433 Mez.
762 2371 819 2452 κᾴκ
832 2375 953 2432 παλαιοῦ
965 2368 1078 2454 χρόνον.
1100 2367 1185 2433 Vul-

151 2463 262 2554 gatam
284 2469 467 2556 Stephanus
489 2469 579 2535 dedit
592 2493 632 2534 cx
649 2468 716 2534 Pol.
732 2482 767 2535 et
780 2472 910 2536 Jannot.
949 2470 1031 2536 Mox
1051 2473 1092 2536 E.
1113 2470 1185 2556 plc-

152 2571 225 2638 nius
239 2573 338 2637 habet
351 2575 382 2636 rb
396 2572 639 2660 θρυλλέμυομ.

196 2689 268 2760 115.
282 2676 328 2740 D.
350 2681 419 2739 reru
437 2676 543 2762 μέμ]
576 2678 652 2742 Hoc
673 2675 940 2762 exspectationem
965 2676 1043 2742 facit
1063 2675 1187 2763 legenti

152 2776 292 2842 secuturi
308 2780 388 2841 τοῦτο
407 2778 446 2858 δὲ,
461 2777 549 2864 quod
570 2777 603 2842 in
626 2779 689 2844 hoc
706 2779 883 2844 Aristotelis
907 2779 979 2843 loco
1002 2800 1066 2843 non
1090 2777 1186 2858 adest,

153 2900 214 2943 nec
228 2878 335 2965 potuit
353 2879 496 2959 adfuisse,
513 2879 588 2965 quia
608 2880 662 2945 hic
680 2881 771 2946 locus
790 2903 857 2946 una
877 2881 938 2945 hac
959 2880 1000 2945 de
1022 2880 1133 2946 Sileno
1152 2892 1196 2946 et·

152 2979 247 3045 Mida
273 2980 454 3044 narratione
478 2980 671 3047 continetur.
721 2981 883 3047 Credibile
910 2983 954 3046 est
979 2981 1186 3047 Aristotelem

151 3081 264 3148 hmilcs
291 3081 480 3170 subjunxiffc
500 3082 654 3162 historias,
678 3085 793 3170 quibus
814 3091 893 3149 τοῦτο
919 3087 946 3147 δὲ
971 3083 1081 3170 potuit
1102 3105 1187 3170 prae·

152 3182 293 3271 ponere:
317 3181 529 3269 praeposuisse,
548 3183 699 3270 equidem
714 3206 778 3247 non
792 3184 959 3263 affirmem,
973 3184 1049 3270 quia
1063 3182 1096 3246 in
1112 3182 1187 3247 lon-

151 3285 227 3372 gius
245 3282 384 3349 dedudta
397 3283 541 3348 oratione
562 3283 754 3369 respondens
769 3284 925 3371 particula
937 3282 1071 3348 subinde
1086 3283 1189 3348 omit·

152 3386 252 3452 titur:
276 3383 363 3473 quod
377 3383 609 3450 Valckenarius
624 3384 751 3449 monuit
763 3383 805 3448 ad
828 3383 1033 3477 Herodotum
1056 3383 1116 3448 IV.
1133 3382 1189 3470 7'4.

152 3490 241 3554 hunc
256 3487 359 3576 ipsum
372 3487 482 3553 locum
500 3500 628 3565 nutans,
641 3485 733 3573 cujus
747 3497 855 3551 tamen
870 3484 988 3551 diversa
1000 3487 1043 3551 est
1058 3488 1099 3551 ab
1114 3489 1194 3552 He·-

151 3590 294 3655 rodoteia
314 3589 407 3654 ratio.
446 3588 543 3653 Certe
562 3610 628 3653 non
648 3587 849 3674 requirimus,
865 3585 953 3674 quod
966 3587 1023 3651 dat
1037 3588 1084 3668 N,
1097 3589 1189 3676 τούτῳ

150 3718 270 3877 μγ115.
285 3793 330 3857 D.
351 3795 426 3874 perd
438 3796 485 3869 τὴν
498 3791 585 3878 θήραν
604 3792 639 3865 ὣς
660 3788 743 3854 ἔλαθε
761 3791 807 3853 riv
827 3789 983 3871 Suhnrdm]
1006 3791 1049 3854 Et
1070 3788 1136 3871 hoe
1151 3792 1190 3864 ris

149 3896 288 3985 politum
300 3915 359 3980 pro
373 3893 401 3979 ᾗ,
417 3918 489 3981 qua,
512 3892 631 3957 scilicet
649 3894 732 3978 θήρᾳ,
753 3891 942 3977 exquifitum
963 3904 998 3955 et
1019 3890 1187 3978 grandilo-

149 3998 290 4088 quentise
312 3997 504 4062 conveniens
526 3997 587 4060 est:
611 4018 675 4080 quo
698 3994 730 4059 in
752 4016 870 4081 genere
893 3993 1072 4058 celebratur
1092 3993 1189 4058 Thu·

147 4098 291 4190 cydideae
307 4096 442 4162 historiae
457 4095 603 4161 initium:
627 4107 665 4159 ut
685 4095 870 4160 monuimus
884 4092 926 4160 ad
942 4093 1066 4163 Juliani
1080 4096 1139 4161 Or.
1156 4096 1185 4159 1.

150 4225 184 4290 p.
201 4225 230 4268 1.
260 4199 416 4272 Biblioth.
432 4198 515 4266 Crit.
529 4197 606 4267 Vol.
621 4198 684 4263 111.
699 4199 734 4263 P.
750 4200 777 4263 I.
792 4218 826 4283 p.
835 4211 890 4283 35.
