2692 4770
247 357 1014 441 runcumnsuuu.runnn.,.1n.n-n.
1082 366 1141 423 eor

113 513 320 586 Plutarchum
335 522 407 587 sunt
425 522 566 591 Medici:
589 523 670 590 alter
683 522 716 588 in
729 523 806 591 Vita
820 520 994 589 Alexandri
1014 542 1047 607 p.
1063 536 1138 604 704.

108 619 148 685 Ε.
164 620 205 685 ab
220 619 331 689 hocin
346 646 473 690 crucem
488 627 577 692 acius
592 638 721 713 propter
736 625 920 713 neglectum
936 623 1137 710 Hephaeffio·

109 741 205 787 nem:
228 722 310 790 alter
327 720 446 792 invita
465 728 613 807 Antonii,
638 726 783 794 medicus
802 725 981 812 Cleopatrae
1004 744 1077 811 943.
1091 725 1137 791 D.

108 821 195 887 Nam
212 825 269 909 qui
289 826 403 892 eodem
426 828 460 892 in
483 828 667 894 Fabriciano
682 828 828 893 Elencho
847 828 889 892 est
909 826 1042 892 Glaucus
1055 825 1136 891 cita·

108 937 161 989 tua
174 926 311 1007 Galeno,
330 930 372 994 esi
390 930 416 994 is
435 928 572 994 Glaucen
591 929 809 1017 philosophus,
825 930 878 994 De
891 927 1024 995 affectis
1040 925 1137 995 loeis

107 1028 148 1093 V.
163 1051 197 1115 p.
208 1047 285 1115 500.
302 1032 414 1097 Chart.
426 1033 571 1099 VoI.VI.
588 1032 679 1099 Basrl.
692 1034 754 1097 111.
770 1054 803 1119 p.
818 1032 893 1116 306.

150 1149 222 1198 122.
236 1133 276 1197 Β.
301 1136 410 1198 -καθ’
426 1132 607 1221 Ὀμηρον-]
632 1133 759 1199 Tritum
779 1130 1021 1209 consuetudine,
1041 1127 1134 1195 Iliad.

105 1235 143 1295 h.
157 1248 242 1316 514:
263 1238 367 1324 'Iurgia
379 1242 438 1324 γὰρ
452 1240 517 1322 ἀνὴρ
530 1245 641 1300 πολλῶν
654 1236 779 1314 ἀντάξιος
792 1232 899 1300 ἄλλων.

147 1352 221 1401 122.
238 1335 278 1401 C.
309 1341 417 1401 Manain
442 1339 489 1401 nal
512 1343 633 1424 Φρυγῶν
653 1337 807 1425 ὁρίσματα]
842 1333 1066 1401 proverbium:
1092 1331 1134 1401 (Ic
1198 1360 1202 1367 ’

105 1455 169 1518 quo
189 1436 306 1502 Strabo
320 1439 398 1501 XII.
422 1460 455 1523 p.
471 1438 545 1521 847.
562 1439 605 1501 A.
644 1436 785 1523 CyriIIus
803 1435 934 1500 Advers.
949 1433 1068 1502 Julian.
1085 1433 1132 1501 11.

104 1554 137 1620 p.
152 1536 206 1620 67.
221 1540 265 1601 A.
298 1538 342 1601 A.
357 1538 510 1603 Schottuc
525 1538 558 1603 in
572 1539 717 1603 Proverb.
733 1537 863 1602 Metric.
878 1555 955 1624 922.
984 1535 1134 1605 Erasmuc

104 1635 211 1724 Adag.
232 1661 266 1724 p.
281 1659 323 1726 43
324 1655 357 1725 5.
395 1641 577 1706 Gatakerus
593 1642 644 1706 M.
660 1640 822 1706 Antonin:
835 1639 958 1704 Praefat.
975 1659 1008 1724 p.
1019 1656 1054 1718 4.

146 1758 219 1805 122.
235 1741 276 1804 C.
299 1741 474 1827 lora'aparln]
501 1741 663 1818 lacerabat,
679 1740 884 1829 vituperabat.
917 1737 1044 1805 Similes
1059 1737 1133 1803 suut

103 1838 164 1904 loci
180 1841 359 1907 Plutarchei
379 1844 446 1907 Ser.
462 1844 565 1907 Num.
578 1842 677 1909 Vind.
701 1863 734 1928 p.
748 1843 824 1926 548.
838 1842 877 1906 B.
895 1840 1004 1926 ibique
1017 1837 1132 1903 nomn.

103 1941 244 2007 Verbum
259 1944 372 2009 eodem
387 1944 477 2008 sensu
490 1943 682 2023 adhibitum,
700 1945 786 2030 Opp.
802 1945 890 2008 Mor.
905 1945 982 2028 653.
994 1941 1034 2005 B.
1061 1939 1131 2006 V'u.

102 2042 232 2126 4810·
254 2061 330 2128 547·
349 2044 389 2109 C·
416 2045 491 2127 877·
507 2046 551 2109 D·
1088 2122 1094 2133 .

144 2162 217 2211 122.
235 2144 275 2209 C.
303 2144 449 2234 urps-Sopor
468 2149 603 2231 ἀκροατὴς
616 2144 695 2223 ἡδέως
708 2144 741 2210 ἂν
754 2146 894 2231 γενοίμην]
921 2143 1058 2212 Fortasse
1072 2164 1130 2210 ex·

102 2243 175 2308 citit
188 2246 402 2311 redundantia
414 2269 453 2311 ex
467 2246 603 2312 duarum
622 2248 805 2314 confirsione
826 2245 1015 2325 Ieffionum‚
1031 2244 1131 2311 altam

101 2348 243 2433 πρόθυμος
257 2346 289 2412 air
304 2352 440 2436 ἀκροατὴς
461 2349 599 2433 γενοίμην,
622 2344 721 2415 altera
741 2355 877 2438 ἀκροατὴς
897 2348 975 2428 ἡδέως
989 2347 1022 2413 ab
1036 2346 1129 2433 γινοί-

103 2473 164 2528 aar·
745 2487 748 2501 .

143 2569 216 2617 122.
231 2551 277 2615 Ι).
304 2550 501 2636 uicinalem]
533 2553 626 2615 Mez.
654 2551 785 2616 Salmas.
811 2557 887 2638 αὐτῷ
913 2550 1006 2630 aiaton.
1051 2552 1129 2615 Non

101 2672 179 2737 opua
201 2651 416 2719 correctione:
440 2667 477 2715 ut
499 2652 642 2738 proxime
663 2653 723 2717 hee
740 2652 859 2739 pagina
873 2656 912 2717 E.
932 2652 974 2716 ad
991 2651 1130 2726 ἀνελόντες

101 2754 311 2819 ostendemus.

141 2874 215 2921 122.
231 2856 276 2920 D.
291 2854 346 2933 ⁴¹0,
367 2859 404 2918 rh
425 2882 468 2919 τοι
489 2859 515 2918 ἐν
534 2856 739 2943 μγάρονσμ]
770 2848 880 2943 Odyss.
896 2861 935 2919 Δ.
950 2875 1032 2941 392:
1057 2878 1129 2921 ver·

101 2956 147 3020 sur
174 2956 355 3021 celebratus
379 2978 398 3019 a
425 2959 567 3035 Socrate,
592 2956 648 3043 qui
676 2957 725 3020 his
750 2957 852 3021 verbis
877 2957 939 3021 vim
963 2957 1132 3043 praeceptI,

100 3056 188 3146 Nosce
204 3068 232 3121 ta
246 3058 351 3146 ipsam,
366 3072 400 3122 et
414 3057 623 3144 Philosophiae
640 3057 781 3122 officium
796 3057 968 3145 fignificare
986 3057 1128 3141 solebat3

98 3181 166 3244 que
181 3183 232 3225 res
246 3182 265 3225 a
280 3159 411 3224 Platone
424 3159 554 3246 quidem
573 3173 606 3224 et
625 3158 842 3245 Xenophonte
858 3181 921 3224 non
938 3176 1128 3242 memorata,

99 3281 134 3323 ex
155 3258 289 3347 perditis
311 3261 480 3326 Socraticis
499 3275 533 3326 et
555 3259 690 3324 historice
710 3259 909 3346 philosopha
924 3261 1131 3346 scriptoribus

100 3361 239 3446 produnt
259 3361 325 3440 alii,
350 3362 406 3448 qui
428 3362 605 3448 supersunt,
628 3362 815 3447 scriptores:
843 3360 941 3426 veluti
961 3361 1130 3446 Diogenes

98 3462 242 3527 laertita
257 3464 302 3527 II.
313 3482 365 3530 21.
381 3462 617 3541 Aristoxenum,
632 3477 670 3528 ut
683 3460 819 3542 videtur,
833 3464 978 3527 secutum
1003 3461 1130 3528 Gellius

99 3564 189 3630 XIV.
207 3565 248 3628 6:
287 3566 401 3629 Sextus
422 3563 544 3650 Empir.
565 3563 650 3626 hdr.
674 3563 782 3628 Math.
808 3565 869 3627 XI.
897 3582 936 3629 2:
973 3562 1131 3630 Eusebim

100 3665 200 3752 Praep.
223 3668 344 3750 Evang.
368 3665 461 3729 XIV.
487 3686 521 3751 p.
537 3664 612 3749 855.
630 3666 678 3729 A:
709 3679 742 3730 et
764 3667 928 3729 Socratem
951 3663 1130 3749 fignificanr

98 3765 186 3831 Philo
199 3765 277 3832 tud.
292 3767 344 3831 De
359 3765 498 3830 Somniis
514 3788 547 3851 p.
561 3783 637 3849 574.
650 3768 694 3830 A.
731 3767 770 3830 In
785 3768 915 3831 Socrate
929 3765 1026 3852 vulgo
1040 3766 1130 3832 cele-³

97 3867 222 3933 bratum
244 3866 388 3953 Diogeni
411 3866 536 3954 Cynico
553 3868 833 3932 accommodatum
853 3889 872 3930 a
892 3866 1008 3932 Diocle
1031 3867 1130 3933 refert·

96 3965 179 4033 idem
194 3968 342 4034 laertius
356 3969 415 4032 Vl.
430 3987 501 4054 103.
529 3967 691 4054 Aristippo
706 3967 818 4033 tribuit
831 3967 1019 4033 Plutarchus
1033 3970 1130 4033 Suo-¹
1177 4036 1181 4043 ¹

96 4085 172 4135 mat.
186 4069 275 4156 apud
288 4070 402 4141 Euseb.
421 4070 521 4155 Praep.
532 4071 653 4156 Enang.
666 4071 692 4132 l.
704 4070 735 4134 8.
751 4068 783 4132 in
800 4068 999 4155 I'ragmentis
1015 4070 1129 4135 nostra

97 4171 244 4238 editionis
257 4171 352 4236 VIII.
363 4192 395 4257 9.
428 4170 515 4235 Dion
533 4169 648 4258 Chrys.
666 4171 756 4235 Orat.
771 4170 932 4235 XXXIX.
946 4191 978 4256 p.
993 4171 1069 4255 487.
1085 4173 1125 4239 Β.

95 4270 132 4338 de
145 4274 177 4339 se
191 4270 261 4361 ipso
275 4271 365 4339 dixit.
402 4271 544 4338 Davisius
562 4271 752 4339 Ciceronem
768 4272 860 4338 Tusc.
875 4274 917 4340 V.
932 4292 965 4352 4.
982 4286 1075 4359 putat
1087 4295 1127 4341 ex

564 4391 653 4458 3¹²3
