2692 4770
296 320 349 378 DE
371 317 690 378 SUPERSTITIONE.
711 319 896 394 paoem.
1032 329 1104 381 1021

87 501 187 566 quens
210 480 332 545 mentio
353 479 439 566 apud
460 470 593 546 Veteres
617 481 780 566 σεριάπῖωι,
805 479 1039 545 amuletorum:
1066 482 1111 548 'de

88 581 204 666 quibus
218 583 291 646 alibi
306 582 397 646 nobis
411 582 472 645 erit
486 582 575 646 locus
589 581 726 646 dicendi.
757 583 857 646 Nunc
872 605 934 646 non
950 583 992 647 est
1007 582 1111 669 negli-

86 681 212 767 gendus
229 683 388 748 Plutarchi
402 683 492 746 locus
506 683 539 746 in
558 681 675 747 Pericle
697 705 729 768 p.
744 700 815 767 173.
830 685 872 747 A.
889 706 984 769 quem
999 684 1112 748 morbo

88 781 292 848 debilitatum
309 783 386 847 item
408 783 447 847 ad
472 783 558 846 istam
578 783 691 847 valenti
713 783 846 867 spretam
864 781 1112 870 superstitionem
1196 768 1205 779 ⁸

87 881 276 948 descendisse
291 898 396 948 narrat
407 909 416 963 ;
443 886 551 948 testem
574 883 704 948 laudans
725 883 998 972 Theophrastum:
1022 890 1035 948 ὁ
1056 891 1112 970 γᾶν

87 984 247 1071 &coppas-⁰5
269 989 294 1048 iv
308 990 363 1059 τοῖς
378 989 479 1063 ἠθικοῖς
499 986 663 1070 διαπορήσας
682 989 704 1047 el
721 987 793 1071 σιμὸς
812 991 862 1060 τὰς
879 987 971 1072 τύχας
984 985 1112 1074 τρέσσαι

85 1094 123 1152 τὰ
137 1090 200 1167 ἤθη,
214 1092 236 1176 'l
251 1091 392 1171 κινούμενα
407 1094 463 1164 τοῖς
481 1097 534 1153 τῶν
554 1089 690 1172 σωμάτων
707 1091 832 1154 πάθεσιν
850 1091 978 1170 discurras
984 1098 1031 1168 τῆς
1045 1096 1111 1176 ἆμι-

87 1197 147 1270 tric,
171 1192 288 1279 ίςὸμηιισν
310 1191 350 1255 ὅτι
371 1198 453 1255 νοσῶν
475 1197 487 1253 ὁ
510 1197 648 1276 Περικλῆς
665 1191 869 1278 ἒπισιιοιιιιμένῳ
886 1193 938 1254 τινὶ
956 1197 1009 1255 τῶν
1026 1192 1112 1276 φίλων

86 1293 174 1371 δόξαν
194 1293 339 1378 σιμῖαπῖον
358 1295 407 1356 ι’νσό
427 1298 480 1356 τῶν
498 1297 634 1377 γυναικῶν
652 1298 692 1376 τῷ
708 1295 844 1379 τμαχῆλφ
857 1293 1112 1379 ωιμιημιημίνονὸς

88 1394 193 1481 σφόδρα
206 1403 298 1469 κακῶς
315 1396 386 1482 ἔχων
401 1396 477 1459 ὁπότε
492 1398 513 1482 ’l
528 1397 628 1473 ταύτην
641 1394 763 1478 ὑπομένοι
776 1399 824 1473 τὴν
838 1394 1013 1482 &sextuplam

135 1500 206 1560 168.
220 1499 258 1561 E.
279 1499 334 1560 Τὸν
346 1495 553 1582 Τηριὸαζιμ]
579 1496 724 1561 Teribazi
738 1495 860 1560 clarum
878 1497 920 1561 est
938 1519 1055 1561 nomen
1077 1495 1112 1562 ln

88 1595 163 1661 belli
192 1597 329 1661 ducibus
358 1613 392 1661 et
411 1597 552 1683 satrapis
584 1596 767 1660 Artaxerxis
803 1597 999 1676 Mnemonis,
1026 1597 1112 1683 apud

88 1723 183 1786 quern
211 1700 319 1765 multis
352 1701 524 1766 benefactis
550 1700 716 1786 gratiosus,
738 1699 853 1764 deinde
880 1699 1000 1788 Cyprio
1027 1701 1113 1768 bello

88 1801 269 1887 praesedtus‚
291 1803 331 1866 ab
350 1802 471 1866 Oronte
493 1801 526 1865 in
548 1799 697 1864 invidiam
717 1799 884 1878 adductus,
900 1801 1112 1886 comprehen-

87 1901 150 1980 sus,
172 1901 349 1988 judicatus,
365 1901 554 1989 judicioque
577 1900 738 1965 absolutus
758 1901 820 1964 est:
845 1915 883 1965 ut
905 1899 1113 1986 cognovimus

89 2025 127 2067 ex
143 2003 288 2067 Diodoro
304 2002 412 2068 Siculo
428 2005 501 2067 XV.
519 2004 549 2066 8.
565 2002 628 2086 seq.
665 2003 748 2064 Eum
770 1999 1114 2086 comprehendentibus

88 2104 150 2167 vim
168 2104 356 2189 opposuisse,
378 2126 418 2168 ex
436 2102 498 2168 elio
513 2125 616 2189 eoque
631 2101 797 2187 deperdito
811 2101 959 2187 scriptore
972 2102 1112 2168 sumtum

86 2207 148 2284 esl;
165 2205 289 2269 sortasse
302 2205 525 2290 Theopompo,
539 2226 634 2291 quem
647 2203 741 2267 latius
755 2203 887 2269 narrasse
897 2226 958 2289 par
971 2205 1013 2268 est
1028 2190 1129 2270 hanc'

88 2329 167 2384 rem,
187 2328 284 2392 quam
303 2306 334 2370 in
356 2306 566 2372 breviffimum
589 2305 814 2391 compendium
835 2305 959 2393 redegit
981 2305 1112 2372 Photius

86 2407 170 2474 Bibl.
187 2407 269 2473 Cod.
286 2407 470 2473 CLXXVI.

136 2510 207 2573 168.
225 2511 259 2573 F.
285 2515 385 2574 Ταῦτα
405 2507 735 2593 πάχεα-κελεύοντος]
765 2506 961 2572 Trochaicus
982 2523 1115 2595 apparet

88 2610 200 2674 incer'ti
222 2623 345 2695 poetaec
367 2613 467 2672 Ταῦτα
487 2609 601 2694 πάχεα,
621 2604 643 2670 d
664 2607 888 2689 translationiz
900 2609 1041 2695 προνοίας,
1056 2610 1115 2692 Kal

89 2711 242 2784 κελεύοντος
255 2716 373 2773 decim

133 2812 205 2875 168.
218 2814 258 2875 T.
281 2811 374 2886 Μίδας
398 2816 411 2874 ὁ
432 2810 674 2894 παλαιὸς-αἷμα
691 2809 780 2898 corripe
802 2809 903 2894 σιῶν]
929 2809 1115 2880 Plutarchus

87 2912 126 2976 T.
142 2912 184 2999 Q.
207 2911 342 2975 Flamin.
365 2933 398 2996 p.
416 2913 491 2997 380.
508 2913 546 2974 E.
572 2911 612 2975 de
635 2910 816 2976 Hannibale
839 2910 955 2976 famam
981 2912 1070 2978 fuisse
1095 2936 1115 2980 a

87 3012 274 3098 quibusdam
294 3013 463 3098 proditam,
483 3011 670 3096 μιμησάμενον
691 3012 873 3094 Θιμιςοκλὲα
886 3013 908 3099 ιζ
923 3014 1028 3095 Μίδαν,
1043 3016 1115 3100 αἷμα

85 3116 205 3202 ταύρειον
218 3122 304 3179 esav.
343 3117 456 3179 Strabo
471 3118 498 3179 I.
515 3137 547 3201 p.
562 3118 633 3179 106.
648 3117 674 3178 B
689 3141 697 3181 z
721 3116 778 3180 sub
793 3116 952 3181 incursum
968 3118 1112 3185 Cimme-

88 3216 207 3281 riorum
222 3216 315 3280 Μίδαν
331 3217 402 3299 αἷμά
420 3243 448 3279 τι
465 3218 554 3303 ’σαόμιι
571 3217 668 3279 πιόντα
682 3218 765 3298 φασὶν
777 3222 904 3283 ἀπελθεῖν
918 3223 953 3292 εἰς
966 3220 998 3281 τὸ
1010 3220 1113 3306 χριῶν·

54 3326 58 3333 ’
87 3339 158 3402 quae
174 3316 291 3402 repetit
305 3318 485 3381 Eustathius
499 3316 539 3381 ad
554 3317 663 3404 odyss.
678 3322 717 3381 Λ.
737 3337 786 3398 14.
804 3340 837 3404 p.
856 3319 948 3402 1671.
967 3337 1016 3382 12.
1044 3320 1114 3385 Mi-

87 3420 143 3485 dae
163 3420 282 3484 dicitur
303 3427 316 3483 ὁ
337 3423 468 3499 παλαιὸς,
491 3443 546 3504 per
567 3420 799 3501 excellentiam,
814 3422 887 3507 quia
907 3435 1023 3507 praeter
1039 3445 1115 3488 eum

87 3535 121 3587 et
134 3523 240 3608 postea
253 3522 306 3586 alii
321 3521 528 3608 cognomines
548 3510 701 3585 fuerunt.-
725 3521 766 3586 de
780 3544 842 3608 qua
860 3521 1023 3591 Plutarchi
1033 3528 1128 3590 con·¹

87 3622 253 3687 suetudine
274 3623 349 3686 alibi
371 3623 526 3687 dicemus.
564 3624 605 3684 Et
620 3624 655 3695 ὥς
669 3621 738 3685 loun·
752 3644 790 3687 ex
811 3621 950 3708 ejusdem
971 3623 1014 3689 est
1037 3646 1114 3711 pro·

87 3724 235 3808 prietate,
260 3745 319 3809 pro
340 3737 374 3787 ιιι
393 3723 512 3809 fertur,
535 3744 631 3808 quam
656 3721 832 3799 notavimus
856 3745 889 3809 p.
907 3744 962 3804 41.
986 3725 1027 3790 C.
1063 3727 1115 3795 De

86 3825 298 3889 Themistocle
313 3823 397 3888 idem
411 3847 513 3910 genus
530 3824 642 3888 mortis
657 3823 817 3908 proditum
833 3826 971 3890 constat:
995 3826 1116 3913 dequo

87 3924 233 3989 dicemus
247 3924 287 3989 ad
301 3925 371 4011 ejus
386 3925 495 3989 Vitam
516 3946 549 4010 p.
569 3925 640 3990 128.
657 3926 700 3988 A.
734 3923 866 3988 Taurini
879 3925 1039 4012 sanguinis
1052 3929 1116 3996 vitu

87 4025 186 4090 tradit
198 4025 402 4090 Dioscorides
416 4025 568 4112 Alexiph.
584 4026 709 4088 XXIV.
721 4023 859 4110 indeque
875 4025 993 4091 Plinius
1006 4028 1117 4117 attigit

88 4127 249 4189 XXVIII.
264 4146 318 4205 41.

134 4226 205 4289 168.
223 4228 258 4290 F.
280 4225 474 4310 Ἀριςὸὃημος]
500 4223 590 4290 Bello
611 4224 727 4310 primo,
748 4224 981 4293 Aristodemum
998 4229 1114 4298 Messe·
