2692 4770
230 291 311 345 1040
420 286 522 344 uw.
544 247 1071 359 auruauv.1un.urancr11

224 469 333 533 neque
351 460 459 511 tamen
482 448 637 512 affirmare
656 446 818 534 poffumus
837 469 891 511 eae
905 468 945 510 ex
959 445 1010 510 hia
1024 442 1146 530 potius,
1161 465 1266 530 quam

223 548 306 628 aliis,
325 549 486 614 Plutarchi
500 550 587 614 libris
608 551 725 615 sumtas
743 549 819 628 effe;
844 547 1104 634 quandoquidem
1130 546 1163 610 in
1188 569 1266 611 om·

225 651 319 714 nibus
341 650 410 737 ejus
434 651 556 737 scriptis
576 652 724 739 frequens
739 654 781 716 est
797 650 919 715 mentio
933 649 1266 735 apophthegmatum.

223 752 333 836 Atque
349 750 433 814 hauc
442 773 510 839 ego
524 750 687 816 Plutarchi
702 750 980 829 consuetudinem,
997 749 1060 814 hoc
1075 748 1264 835 apophthe-

222 865 372 938 gmatum
388 846 524 917 {ludium
548 876 675 918 mecum
691 853 849 939 cogitans,
864 865 1087 936 quantumque
1108 873 1262 914 momen·

224 965 294 1016 tum
314 952 348 1016 in
369 952 551 1039 hujusmodi
569 968 663 1018 acute
685 968 719 1018 et
742 953 845 1017 subito
866 952 959 1017 dietis
978 952 1130 1037 laetisque
1146 951 1187 1014 ad
1202 973 1263 1016 co·

222 1051 422 1138 gnoscendos
435 1073 559 1134 mores,
571 1055 697 1119 animos
712 1054 904 1141 ingeniaque
918 1052 1089 1116 hominum
1105 1052 1260 1142 posuerit,

223 1154 288 1240 ipse
303 1155 366 1220 hoc
380 1154 515 1220 studium
533 1154 754 1243 judiciumque
774 1156 856 1242 saepe
876 1154 1028 1242 profell'ue
1047 1155 1095 1231 fit,
1112 1153 1213 1218 veluti
1228 1153 1260 1217 in

224 1256 299 1320 Vna
318 1256 489 1323 Alexandri
511 1278 545 1343 p.
561 1260 635 1339 664.
651 1261 685 1322 F.
717 1258 851 1322 Catonis
866 1257 950 1320 Min.
967 1272 1042 1340 770.
1057 1255 1099 1319 C.
1123 1270 1199 1338 777.
1215 1257 1259 1318 E:

224 1372 258 1423 et
276 1358 358 1423 libro
380 1360 432 1423 De
455 1361 506 1422 lra
527 1358 717 1443 Cohibenda
733 1381 773 1423 ex
793 1358 947 1423 Fundanii
963 1357 1097 1443 persona
1111 1355 1261 1419 disserens

224 1461 355 1525 testetur
376 1463 405 1525 se
427 1460 609 1547 hujusmodi
619 1459 711 1525 aliea
727 1460 874 1546 laetaque
895 1459 1047 1547 colligere
1068 1478 1101 1543 p.
1117 1472 1193 1541 457.
1211 1457 1258 1520 E:

224 1563 262 1626 bl
284 1564 305 1648 gi,
328 1563 455 1647 συνάγειν
473 1561 513 1626 ἀεὶ
532 1570 672 1649 wopam
691 1559 738 1643 aa>
758 1563 954 1648 ἀναγινώσκειν
974 1566 1003 1626 ον’
1024 1569 1117 1624 ταῦτα
1137 1562 1167 1637 δὴ
1180 1559 1262 1640 μόνον

224 1670 262 1728 rol
274 1675 328 1729 τῶν
341 1664 506 1747 φιλοσόφων,
521 1663 564 1740 οὕς
580 1683 648 1747 φασι
665 1669 755 1750 χολὴν
775 1668 822 1727 οὐκ
844 1664 916 1750 ἔχειν
931 1671 954 1727 ol
969 1671 1026 1726 νοῦν
1042 1662 1164 1748 ἔχοντες,
1179 1665 1261 1724 ἀλλὰ

224 1772 336 1850 μᾶλλον
355 1770 395 1830 rol
415 1775 469 1830 τῶν
487 1764 629 1846 βασνλέων
649 1764 695 1845 eol
715 1765 862 1852 capriatam,
881 1764 932 1828 alae
950 1764 1163 1848 Ἀντιγόνα-ε
1185 1763 1260 1829 ltoec

225 1868 325 1955 igitur
342 1891 470 1933 mecum
488 1868 647 1954 cogitans,
669 1866 814 1931 dubitare
837 1890 901 1931 nou
924 1866 1048 1952 pulsum
1070 1865 1147 1950 quin
1169 1864 1260 1929 Plut-

224 1970 342 2037 archus
355 1971 455 2036 libroe
468 1968 794 2057 Apophthegrnatum
809 1967 1037 2052 conscripserit.
1071 1968 1188 2052 Neque
1208 1989 1261 2032 me

225 2087 333 2139 movet
347 2073 435 2161 quod
456 2073 488 2137 in
512 2073 562 2137 his
581 2073 667 2137 libris
682 2095 746 2137 non
763 2073 861 2137 solum
885 2071 1187 2158 Apophthegmata
1208 2070 1261 2135 sed

224 2173 323 2238 etiam
345 2174 580 2259 strategemata
604 2186 781 2237 narrantur.
827 2174 910 2236 Sunt
933 2172 1019 2236 euim
1041 2185 1177 2257 utraque
1199 2193 1261 2258 ge·

223 2294 299 2337 nere
314 2270 503 2360 conjuncta3
523 2293 628 2358 neque
640 2272 675 2336 in
690 2271 782 2338 arratis
796 2272 1035 2352 tautummodo,
1050 2271 1102 2336 sed
1118 2272 1151 2335 in
1167 2271 1262 2336 saeuo

224 2396 353 2463 quoque
373 2373 537 2462 saepiffime
561 2375 604 2438 est
629 2374 814 2461 fignificatic
838 2376 1004 2453 acuminis,
1027 2372 1175 2452 solertiae,
1202 2395 1260 2439 co·

222 2477 403 2565 gitationis,
419 2490 453 2542 et
461 2475 550 2564 qumi
561 2477 672 2542 tacitae
680 2477 854 2542 ¹tlictionis:
879 2500 937 2542 nec
955 2491 1082 2542 tautum
1101 2477 1261 2554 oratione,

223 2579 277 2644 fed
291 2579 415 2643 actione
429 2578 602 2664 loquimur.
639 2578 735 2642 Unde
752 2579 786 2643 lit
801 2593 838 2643 ut
853 2580 885 2642 in
902 2579 1045 2643 Frontini
1063 2590 1097 2641 et
1119 2577 1261 2664 Polytcni

222 2681 512 2769 strategematibus
532 2680 663 2746 subinde
685 2682 804 2745 exstent
821 2682 1122 2768 Apophthegmata,
1140 2680 1262 2765 quippe

222 2803 297 2870 qun
310 2797 344 2847 et
358 2782 424 2869 ipsa
439 2783 500 2846 vim
518 2785 793 2868 strategematum
808 2782 958 2846 habeant.
980 2785 1051 2847 Jarn
1074 2780 1154 2845 illud
1171 2782 1261 2866 puti-

221 2883 302 2949 dum
324 2884 361 2948 frt
385 2904 538 2969 quaerere,
558 2898 668 2958 utrum
690 2883 760 2949 haec
780 2906 814 2948 re
839 2906 911 2947 vera
933 2885 973 2947 ab
997 2883 1059 2947 illia
1080 2882 1153 2945 viris
1175 2881 1261 2947 dicta

223 2985 295 3062 fint,
316 3006 356 3046 an
376 2985 416 3047 ab
435 2983 505 3047 aliia
526 2982 662 3047 conficta
681 2983 758 3046 falso
774 2983 891 3046 horum
907 2982 1089 3046 nominibus
1105 2982 1260 3046 ferantur.

224 3086 308 3152 Satio
322 3086 376 3164 est,
392 3085 436 3149 ita
450 3084 607 3149 creditum
623 3099 657 3149 ct
677 3086 709 3149 in
726 3086 857 3150 historiis
873 3085 1025 3149 traditum
1038 3083 1116 3163 elle,
1129 3106 1194 3148 nec
1208 3084 1263 3148 illa

220 3184 364 3253 dietaab
379 3185 565 3251 eorumdem
584 3188 721 3251 virorum
744 3187 848 3265 factis,
868 3188 1021 3265 moribus,
1042 3185 1193 3272 ingeniis,
1210 3185 1260 3250 lo-

219 3290 283 3369 eis,
297 3287 495 3376 temporibus
510 3288 691 3352 abhorrere.
715 3290 823 3376 Quam
839 3288 969 3374 quialem
985 3286 1262 3351 verisimilitudinis

220 3408 348 3480 partem
368 3391 508 3455 universe
523 3390 555 3453 in
572 3390 622 3453 hia
638 3390 834 3455 Plutarcheis
854 3390 941 3454 libris
955 3412 1019 3452 non
1036 3388 1260 3453 defideramue.

221 3497 341 3581 Neque
368 3509 477 3558 tamen
504 3493 623 3557 idcirco
651 3490 805 3556 affirmare
831 3491 940 3570 aufim,
967 3514 1022 3555 eoa
1045 3513 1064 3554 a
1089 3491 1262 3555 Plutarcho

224 3597 422 3682 conscriptos
436 3597 506 3674 elle,
521 3608 577 3658 aut
592 3595 636 3658 ita
654 3594 694 3658 ab
714 3617 754 3658 eo
766 3594 980 3679 conscriptos,
997 3609 1033 3657 ut
1050 3616 1135 3657 nunc
1151 3593 1261 3657 ferun·

219 3714 288 3763 tur.
318 3698 457 3763 Materia
470 3696 601 3783 quidem
615 3719 633 3761 e
649 3697 772 3782 scriptis
790 3696 951 3760 Plutarchi
966 3696 1102 3759 collecta
1116 3696 1178 3759 est:
1200 3719 1261 3760 nec

219 3803 257 3866 in
282 3802 376 3865 rebus
401 3800 514 3864 necin
540 3799 617 3886 stylo
638 3814 672 3862 et
694 3798 850 3876 oratione,
871 3799 1013 3883 exceptis
1036 3798 1159 3882 paucio,
1182 3798 1263 3882 quid

223 3903 318 3969 alieni
335 3916 477 3988 apparet.
516 3901 625 3965 Potuit
639 3922 716 3988 ergo
733 3901 797 3986 iple
812 3900 976 3963 materiam
998 3914 1031 3963 et
1051 3923 1069 3962 e
1092 3899 1154 3962 suis
1166 3915 1263 3963 etex

222 4005 359 4070 aliorum
375 4003 497 4088 scriptis
519 4002 670 4089 colligere
693 4002 895 4065 Plutarchus.
934 4003 1008 4063 Hoc
1024 4015 1133 4063 tamen
1157 4001 1177 4062 st
1197 4001 1265 4084 ipl'e

224 4106 354 4183 lecillet,
372 4104 512 4189 primurn
526 4104 712 4167 uberiorem
735 4103 974 4188 plenioremque
998 4101 1171 4188 collegillet
1191 4124 1263 4164 ma-

220 4207 359 4284 'teriam3
383 4205 403 4268 fi
424 4204 554 4291 quidem
577 4204 680 4269 multa
698 4203 1000 4291 Apophthegmata‚
1024 4202 1057 4266 in
1082 4203 1151 4266 aliis
1174 4203 1265 4267 libris
