2692 4770
239 316 301 390 οῦδ
430 317 470 380 D.
481 316 533 378 W.
555 317 760 379 ANIMADV.
779 316 827 379 IN
847 316 1080 379 rauraafflt

236 476 292 543 libi
310 478 386 544 velit
406 477 538 560 Εῠὸοῐας,
559 481 642 568 quali
664 479 832 568 delphines
853 479 1105 567 Peloponnesum
1123 476 1261 544 circum»

235 578 317 644 vecti
338 602 411 644 eum
433 594 525 647 tanto
545 581 709 647 intervallo
728 582 769 647 ad
787 595 904 647 terram
921 580 1108 660 detulerint,
1124 578 1263 665 indeque

235 678 420 745 lotricum
436 682 539 746 rursus
553 681 595 746 ad
608 683 770 747 Nemeum
785 681 979 760 reduxerint,
996 703 1060 747 oon
1074 679 1149 745 satia
1162 699 1261 766 appa·

235 793 305 844 rat:
329 779 381 844 nisr
404 781 486 846 forte
507 781 681 868 legendum
701 782 860 863 Simius,
874 806 947 869 qua
967 780 1147 847 vicinaluit
1167 781 1260 845 Nau·

234 879 340 967 paeto,
353 880 393 947 de
407 904 470 969 qua
485 883 658 948 Palmerius
673 883 798 948 Grecis
810 883 953 970 Antiqua
966 906 999 970 p.
1009 898 1090 968 5452
1111 902 1261 968 necpm·

231 981 288 1047 cul
303 1005 324 1045 a
340 983 467 1048 Nemeo
488 997 522 1048 et
542 982 714 1069 Molycria,
736 983 778 1049 de
795 1006 860 1071 qua
883 984 968 1049 idem
989 1006 1023 1072 p.
1036 984 1114 1066 484.
1137 996 1173 1048 et
1194 980 1261 1060 alii,

229 1096 265 1151 et
280 1083 503 1173 Weffelingiua
523 1085 566 1151 ad
585 1083 723 1151 Diodor.
741 1085 806 1151 Sic.
827 1088 905 1153 Xll.
922 1088 975 1151 60.
1012 1082 1111 1172 Quod
1133 1084 1266 1159 Plutar·,

228 1183 311 1251 claua
332 1184 378 1250 ait
396 1189 468 1270 πρὸς
488 1186 558 1251 ‘Pla
580 1185 601 1272 a}
621 1189 669 1264 τὴν
687 1186 851 1273 Μολυκρίαν
868 1187 910 1251 est
928 1187 956 1250 ir
975 1188 1020 1250 διὰ
1037 1187 1119 1264 δυοῖν,
1134 1183 1258 1249 dicium

229 1307 289 1374 pro
308 1286 379 1355 ‘Pion
400 1288 571 1372 Μολύκριον,
596 1300 675 1352 tunc
697 1287 784 1352 eninr
809 1303 984 1375 utrumque
1004 1285 1258 1374 promontorium

230 1387 272 1452 ad
292 1388 403 1453 ostium
426 1389 508 1453 finus
530 1388 730 1455 Corinthiaci
749 1389 841 1454 litum
863 1389 1028 1455 dicebatur
1049 1387 1173 1467 Rhium,
1196 1386 1259 1451 hoc

229 1487 427 1571 Molycriuar.
444 1488 582 1553 alterum
603 1489 637 1554 in
664 1489 880 1577 Peloponneso
904 1490 1067 1554 Achaicum
1090 1485 1259 1574 cognomi·

230 1588 384 1653 trabatur:
407 1588 457 1653 uti
470 1589 633 1676 colligitur
647 1612 666 1654 e
679 1590 867 1678 Thucydide
882 1592 927 1655 11.
943 1594 995 1672 84.
1012 1590 1064 1654 8⁶.
1079 1607 1134 1674 92.
1149 1590 1192 1655 V.
1201 1600 1258 1673 55.

230 1688 354 1757 Postero
368 1703 525 1775 tempore,
538 1688 640 1756 solum
651 1691 831 1758 Achaicum
844 1691 965 1758 naum
980 1693 1022 1757 212
1037 1691 1160 1767 Rhium,
1176 1689 1258 1754 alte·

226 1812 300 1857 rum
314 1790 518 1856 Antirrhium.
542 1792 765 1858 conserendus
778 1793 949 1859 Palmerius
964 1795 1023 1859 Gr.
1035 1795 1116 1858 Ant.
1130 1793 1191 1856 IV.
1203 1809 1257 1858 2ο.

227 1891 320 1960 Harl.
339 1913 369 1956 1.
385 1911 416 1959 2.
431 1891 509 1959 dant
523 1892 711 1980 Mohunpaiarr.
747 1896 858 1960 Alton.
873 1897 913 1960 T.
922 1897 966 1961 V.
981 1895 1020 1959 B.
1035 1892 1214 1979 Momplurr.
1263 1898 1273 1905 ’

272 1996 344 2060 162.
360 1996 399 2059 Ε.
420 2001 435 2072 ἦ
456 2003 510 2059 τῶν
529 1994 748 2083 Ῥίων-22212]
778 1995 920 2083 Scriptor
939 1994 1133 2061 certaminis
1153 1995 1257 2061 Hom.

227 2107 261 2160 et
282 2093 360 2161 Hes.
384 2116 417 2180 p.
431 2112 508 2181 3²7·
523 2102 613 2183 ίοςτῆς
626 2123 695 2172 τινος
709 2097 845 2185 ὄπιχωςῖυ
858 2099 931 2185 παρ’
944 2101 1035 2172 αὐτοῖς
1048 2095 1128 2173 οὔσης
1140 2098 1257 2180 ‘Aptal-

225 2195 305 2271 rrlar·
335 2195 422 2293 quod
444 2217 560 2261 nomen
581 2219 622 2262 ex
645 2198 849 2286 corruptione
865 2198 1003 2265 nominis
1019 2199 1096 2264 ‘Pisa
1114 2197 1258 2263 exstitiffc

224 2296 360 2362 videtur.

270 2400 341 2464 162.
353 2399 394 2462 E.
420 2397 529 2476 'Era'rpn
550 2398 577 2462 li
597 2399 725 2474 Ἡσίοδος
744 2401 817 2486 πρὸς
838 2405 878 2486 τῷ
898 2398 1254 2487 Νεμέφ-ὈρχομυΙων]

224 2501 313 2589 Ergo
328 2501 382 2566 illa
395 2504 473 2566 Vll.
490 2503 564 2588 Sap.
581 2517 675 2568 222222
690 2503 796 2567 adhuc
816 2503 958 2589 sepultus
979 2519 1046 2567 erat
1067 2503 1106 2567 ad
1128 2505 1257 2567 Nemes

223 2629 292 2686 um,
313 2607 448 2672 necdum
470 2607 635 2672 transsatus
649 2607 902 2685 Orchomenum,
918 2605 1006 2691 qnod
1022 2621 1058 2669 ut
1073 2604 1255 2670 Orchome-

223 2707 268 2771 nii
280 2708 432 2786 facerent,
446 2709 577 2772 oraculo
595 2707 708 2771 moniti
728 2709 799 2771 sunt
814 2707 881 2792 post
894 2708 1024 2770 Ascram
1040 2728 1059 2769 a
1074 2705 1254 2790 Thespien-

223 2808 304 2872 fibus
330 2808 491 2873 dirutam:
521 2823 558 2872 ut
584 2808 793 2893 cognovimus
820 2831 858 2872 ex
883 2808 1042 2872 Plutarchi
1072 2807 1255 2893 fragmento

223 2909 454 2973 Conrmentarii
470 2907 616 2973 Hesiodei
626 2908 721 2992 Ἔργ.
731 2912 806 2993 631.
823 2908 900 2973 edit.
917 2908 1027 2972 Heins.
1042 2930 1074 2993 p.
1090 2927 1162 2988 142.
1178 2908 1253 2971 nos·

221 3024 278 3073 trae
303 3011 360 3073 lX.
375 3029 429 3092 35.
451 3032 489 3073 ex
508 3008 685 3072 Aristotelis
707 3009 882 3094 Republica
904 3008 1195 3072 Orchonreniorurn
1217 3009 1253 3074 id

220 3109 394 3174 referentia.
439 3109 603 3174 Pausanias
629 3109 706 3172 item
730 3112 790 3174 IX.
808 3112 863 3193 38.
887 3132 1068 3174 memorans
1091 3110 1255 3187 transsata,

213 3211 299 3302 juffu
315 3210 449 3289 oraculi,
471 3212 512 3274 ab
533 3211 757 3275 Orchomeniis
777 3211 817 3274 ad
840 3212 870 3274 sc
893 3210 1021 3274 Hefiodi
1046 3211 1120 3290 olla,
1141 3233 1251 3296 reper-

218 3331 314 3402 taque
334 3314 366 3378 in
389 3313 451 3378 sarri
465 3312 587 3378 latebra
603 3313 791 3398 Naupactiae
806 3327 910 3390 terrae,
927 3314 1018 3377 addit
1033 3314 1249 3399 epigramnra3
1274 3387 1291 3405 ..

218 3417 305 3505 quod
322 3416 454 3481 Latinus
468 3416 623 3500 interpres
640 3437 804 3500 perperam
821 3415 947 3500 accepit
963 3417 1045 3500 quast
1061 3416 1257 3501 inscriptum·

216 3517 393 3605 antiquitus
408 3517 440 3582 in
456 3517 551 3603 priori
566 3516 721 3601 sepulcro,
736 3539 800 3582 non
817 3531 852 3579 ut
866 3516 906 3579 ab
921 3516 1147 3580 Orchomeniis
1160 3517 1257 3603 apud·

216 3618 299 3706 ipsos
315 3618 459 3683 transsato
474 3617 632 3681 additum.
1251 3676 1256 3683 ,

260 3721 333 3804 162.
349 3721 384 3783 F.
417 3716 499 3792 οὕτως
525 3717 673 3804 ἔχω’
650 3716 852 3792 ararim—at
802 3718 976 3800 ἂιμλλᾶταη]
1008 3718 1274 3804 Delphinorum

214 3797 307 3886 hoc
299 3821 464 3906 ingenium
484 3820 616 3885 Veteres
638 3812 761 3903 pallrm
769 3819 953 3883 celebrant:
977 3835 1074 3883 cantu
1097 3835 1130 3883 et
1151 3819 1247 3885 salta-

214 3925 303 3987 tione
316 3944 371 3984 eoa
386 3920 547 3996 1121262211,
563 3917 749 3982 Plutarchus
764 3917 849 3982 dicto
866 3918 991 3982 Pindari
1011 3922 1124 4004 probat
1141 3921 1185 3982 11.
1211 3942 1246 4006 p.

215 4032 288 4107 704.
305 4024 339 4087 F.
363 4023 436 4107 984.
454 4023 566 4084 B—l:
591 4019 752 4083 natatione
773 4041 848 4083 cunr
864 4020 981 4105 pueris,
996 4019 1092 4097 idem,
1116 4025 1235 4105 984·ss
1236 4068 1256 4086 ..

214 4125 338 4189 Gelliu'a
352 4125 429 4188 Vll.
445 4123 477 4187 8.
513 4120 633 4187 AElian.
652 4122 731 4185 Nat.
747 4121 888 4185 Animal.
906 4124 963 4185 Vl.
984 4142 1034 4206 15.
1067 4122 1183 4186 Plinius
1198 4126 1251 4207 E'.

212 4226 282 4314 pist.
297 4227 356 4291 111.
369 4245 425 4311 33.
450 4223 632 4291 Athenaeua
646 4243 679 4308 p.
689 4223 765 4294 606.
776 4224 899 4313 D-r.
915 4222 1248 4302 Adhibeaturtudh
