2692 4770
171 327 233 402 696
363 331 402 392 D.
415 335 465 392 W.
485 334 694 395 ANIMADV.
712 335 760 394 IN
781 331 1011 394 PLUTARCHI

174 486 350 573 sententiis,
366 507 400 560 et
421 496 515 584 plane
530 497 758 564 Plutarcheus:
781 496 835 562 sed
850 492 1057 563 adolescentis
1078 486 1203 557 Plutar-

173 592 228 658 chi
242 616 317 661 eum
332 597 405 678 else,
420 599 563 687 produnt
576 601 721 679 materia,
736 599 833 680 stilus,
848 599 941 664 ratio.

216 696 354 762 Materia
369 700 538 789 praecipuae
552 702 681 788 quidem
705 702 761 767 illa
778 701 939 767 suavitatis
957 712 991 765 et
1004 696 1204 786 praellantiae,

172 798 276 887 magis
297 814 406 868 tamen
424 803 528 869 aliena
540 826 638 892 quam
659 803 799 892 propria,
819 801 990 870 collestae
1010 798 1092 866 locis
1113 820 1204 866 com·

171 901 324 967 munibus
346 904 622 993 philosophorum,
638 928 698 971 nec
719 906 761 971 ad
778 919 900 970 certam
916 901 1033 991 judicii
1047 901 1206 967 rationem

168 1002 298 1085 exusta,
329 1020 373 1085 et,
388 1005 474 1092 quod
495 1007 529 1071 in
548 1006 698 1072 Corinnae
720 1006 762 1071 ad
784 1006 955 1071 Pindarum
969 1002 1204 1069 adolescentem

170 1104 258 1170 dieto
272 1107 385 1188 fertur,
405 1130 469 1174 non
487 1131 586 1174 manu
602 1109 716 1196 sparsa,
739 1107 792 1174 sed
809 1096 828 1174 e
848 1109 939 1174 sacco
955 1106 1064 1172 effusa.
1100 1104 1207 1172 Aliter

167 1207 287 1295 scripfit
311 1210 500 1276 Plutarchus
521 1211 601 1276 virili
624 1228 658 1277 et
680 1212 877 1298 provestiore
903 1223 1020 1281 aetate:
1049 1208 1151 1273 veluti
1171 1209 1203 1273 in

170 1308 371 1398 Corfilationc
387 1314 431 1375 ad
453 1314 577 1378 Uxorem
587 1314 691 1401 suam,
713 1336 778 1378 non
800 1311 944 1377 leffionis
958 1311 1067 1396 copias
1087 1331 1204 1396 expro-

169 1433 273 1491 mens,
295 1413 349 1491 sed
367 1413 512 1501 proprios
533 1415 631 1478 animi
651 1413 755 1479 sensus
769 1413 920 1501 prodens,
937 1411 993 1499 qui
1013 1432 1088 1475 cum
1111 1433 1203 1476 com·

168 1514 322 1580 munione
345 1515 477 1595 doloris,
505 1517 622 1583 assessu
648 1518 747 1604 patris
769 1532 804 1582 et
829 1515 946 1594 mariti,
977 1513 1204 1605 prudentislet

162 1612 388 1680 moderatione
409 1615 466 1680 viri
487 1615 585 1695 noeti,
608 1638 665 1704 per
684 1630 785 1681 totam
803 1614 1006 1702 scriptionem
1029 1613 1203 1680 dominen-

167 1729 242 1780 tur:
279 1718 377 1782 veluti
398 1722 431 1783 in
456 1719 537 1784 libro
559 1720 609 1783 Da
637 1718 755 1799 Exilis,
781 1719 837 1805 qui
863 1719 907 1783 est
936 1717 1013 1782 item
1037 1739 1056 1780 e
1083 1739 1204 1804 genere

168 1817 403 1900 Consolatorio,
423 1819 564 1886 amicum
585 1821 769 1885 exulantem
788 1818 965 1897 consolans,
987 1817 1136 1904 exempla
1149 1817 1202 1882 bi·

165 1920 340 1999 sloriarum,
357 1936 518 2009 praecepta
539 1921 815 2009 philosophorum,
832 1921 1004 1986 sententias
1018 1936 1201 2007 poetarum,

163 2034 206 2084 et·
226 2023 359 2087 omnino
384 2024 496 2089 alienae
524 2025 632 2112 copias
656 2025 809 2090 desirium
837 2023 982 2103 adhibet,
1004 2023 1057 2089 sed
1081 2023 1139 2103 ita,
1164 2037 1202 2090 ut

164 2143 229 2185 non
251 2122 357 2188 subito
372 2123 499 2189 aliunde
513 2141 661 2211 arreptae,
679 2125 731 2190 sed
753 2125 878 2189 dudum
900 2124 990 2189 lesia
1009 2138 1043 2189 et
1061 2125 1202 2190 conditae

156 2222 226 2309 jam
242 2246 318 2288 cum
333 2225 496 2290 scribentis
510 2227 612 2313 copiis
626 2226 773 2291 coaluisse
789 2226 966 2292 videantur.
1003 2227 1102 2291 Hunc
1123 2248 1200 2313 pro·

163 2326 305 2410 prietatis
326 2328 468 2393 colorem
491 2330 702 2417 habitumque
723 2330 850 2395 obtinet
866 2316 987 2416 ubique
1008 2328 1202 2396 Plutarchus

161 2417 194 2491 in
216 2429 406 2495 assumendis
428 2431 704 2520 memorandisque
725 2431 859 2497 aliorum
876 2431 970 2496 dietis
984 2431 1200 2516 Scriptorum,

160 2544 199 2595 ut
213 2553 231 2596 e
246 2533 301 2598 sua
315 2532 418 2619 ipsum
435 2533 556 2620 potius,
572 2555 669 2621 quam
685 2534 825 2613 illorum,
844 2533 987 2620 persona,
1009 2532 1100 2618 loqui
1123 2555 1200 2598 curn

160 2632 270 2699 dieas:
295 2657 360 2699 non
378 2635 458 2700 item
473 2635 536 2701 hoc
557 2635 590 2699 in
613 2635 707 2700 libro.
744 2635 860 2720 Estque
875 2633 988 2699 eadem
1009 2634 1077 2697 sere
1093 2633 1198 2698 direr-

159 2736 230 2799 fitas
247 2752 344 2823 atque
364 2737 428 2816 illa,
444 2760 542 2824 quam
564 2739 597 2801 in
618 2735 828 2802 admiscendis
843 2735 978 2800 orationi
993 2736 1131 2800 versibus
1145 2736 1198 2801 in·

157 2851 207 2900 ter
228 2837 415 2923 Dionysium
436 2839 583 2904 Stoicum
605 2854 638 2903 et
658 2839 824 2915 Philonem
840 2837 1072 2902 Academicum
1095 2838 1199 2904 inter·

161 2939 250 3002 ‘risisse
273 2940 380 3003 scribit
403 2940 518 3004 Cicero
537 2941 630 3004 Tusc.
646 2942 691 3004 ll.
710 2959 770 3004 11:
794 2938 848 3003 ille
868 2939 943 3002 r'nim
965 2940 1049 3024 quast
1067 2939 1199 3021 dietata,

155 3039 238 3103 nullo
257 3041 378 3122 dilectu,
400 3040 487 3105 nulla
506 3041 681 3128 elegantia:
711 3042 759 3105 hic
786 3054 814 3105 ct
837 3040 913 3105 lesia
927 3054 1065 3128 poemata
1088 3054 1116 3105 et
1138 3043 1199 3108 Ioco

155 3145 352 3233 orlj'ungebat.

201 3248 298 3311 Porro
320 3246 351 3310 in
368 3245 455 3331 stilo,
479 3246 511 3311 id
538 3249 592 3325 cst,
616 3247 648 3310 in
673 3246 826 3311 orationis
850 3245 963 3320 fornia,
985 3256 1121 3330 apparet
1143 3267 1197 3312 re·

155 3345 333 3412 dundantia
354 3347 501 3434 quaedam
517 3347 679 3434 juvenilis,
702 3347 840 3411 inritatio
862 3346 1100 3431 compositionis
1121 3348 1197 3412 Pla·

155 3449 273 3513 tonicae
296 3449 393 3525 illius,
414 3471 478 3512 non
501 3449 543 3514 ad
564 3449 760 3513 Socraticam
782 3448 1053 3533 perspicuitatem,
1077 3450 1131 3514 sed
1153 3451 1198 3516 ad

154 3551 310 3636 tragicam
329 3551 531 3638 gravitatem,
554 3551 774 3627 conformatas,
796 3551 828 3613 in
850 3549 1047 3636 synonymis,
1063 3573 1197 3638 praepo·

154 3652 330 3733 titionibus,
353 3653 528 3741 interjeslis
550 3652 741 3730 cnunciatis,
763 3651 963 3738 longioribus
980 3664 1014 3715 et
1035 3651 1093 3716 suo
1108 3676 1197 3720 nexu

153 3753 264 3818 solutis
279 3755 505 3819 sententiarum
520 3753 858 3818 circurndudlionibus.

198 3855 349 3943 Denique
375 3856 466 3935 ratio,
493 3856 525 3919 id
550 3856 605 3934 est,
632 3855 811 3919 distributio
838 3855 992 3933 materiae,
1016 3868 1075 3920 aut
1099 3879 1195 3946 vaga,

152 3975 210 4026 aut
224 3957 324 4038 nulla,
340 3982 399 4023 nec
414 3959 475 4023 suis
489 3957 570 4023 locis
585 3973 618 4023 et
631 3973 896 4045 argumentorum
915 3956 1030 4021 finibus
1045 3973 1171 4025 notata.

194 4064 266 4126 Nos
287 4060 375 4125 islam
399 4085 418 4124 a
442 4061 631 4126 Plutarchea
653 4061 756 4125 forma
778 4060 987 4124 direrfitatem
1013 4062 1194 4130 notandam

150 4163 313 4240 duximus,
337 4184 401 4226 non
428 4175 464 4225 ut
486 4185 557 4226 eam
578 4162 857 4238 calumniaremur,
874 4161 926 4224 sed
946 4175 983 4224 ut
1005 4162 1192 4248 interpretis

149 4263 255 4337 officio
268 4263 520 4338 satisfaceremus
525 4289 537 4346 3
561 4285 620 4341 nec
634 4284 707 4339 eam
721 4261 985 4349 reprehendimus
998 4266 1190 4332 temeritatis
