2692 4770
315 300 370 360 mr
391 297 711 366 sureusnnoun
732 305 874 382 p.165.E.
1032 311 1106 364 roos

71 463 148 548 sono
169 464 278 528 editum
299 478 327 529 et
348 468 467 532 ourihes
480 469 669 557 susceptum.-
691 467 783 555 cujus
802 465 940 532 nominis
955 464 1109 552 fignifica-

85 564 207 630 tionem
221 566 423 653 exposuimus
436 569 591 636 Biblioth.
607 570 689 635 Crit.
701 570 777 638 Vol.
790 571 853 634 111.
869 571 953 634 Part.
966 570 995 632 1.
1010 570 1063 632 60.
1077 580 1112 632 et

84 667 171 753 sequ.

130 771 169 832 16
168 784 201 854 5.
217 772 255 835 E.
291 773 413 854 -νομοιδ
442 772 757 860 σαρκὸς-κοιμωμένων
779 771 939 860 aplanos]
975 772 1111 838 Attente

83 870 205 957 legenti
225 873 343 938 mirum
362 874 497 954 accidat,
512 876 675 961 quomodo
696 875 857 958 ἆφίςανται,
875 876 1036 962 discedant,
1054 875 1111 938 ab·

84 985 154 1035 eant
168 973 203 1038 hi
220 976 324 1039 morbi
342 999 361 1039 a
379 976 629 1056 dormientibue;
652 978 856 1064 nequeenim
871 978 933 1048 hoc
954 977 1026 1042 loco
1043 976 1111 1059 ἄρν’-

83 1081 179 1156 §alins
195 1075 384 1164 intelligitur
398 1079 546 1157 ἀπόςασις,
565 1079 707 1162 ἀπότομον,
731 1080 870 1167 absceffles
892 1078 981 1144 sensu
1002 1076 1110 1144 Medi·

83 1199 207 1257 corum,
228 1179 281 1243 sed
303 1179 446 1266 disccffies‚
469 1181 579 1262 abitus,
602 1181 727 1269 expulso
748 1182 852 1246 morbi.
871 1181 995 1268 -sgitur
1015 1180 1110 1245 alter-

84 1290 157 1343 utra
170 1280 250 1344 ratio
264 1280 445 1346 adhibenda
458 1282 519 1346 est:
543 1281 593 1347 vel
607 1306 657 1364 ea,
678 1306 741 1371 qua
754 1306 819 1348 non
832 1283 899 1369 ipsa
911 1306 960 1348 res
974 1282 1028 1347 sed
1041 1281 1112 1369 ejus

55 1433 60 1440 .
83 1380 240 1465 cogitatio
261 1382 462 1467 fignificatur,
484 1397 522 1447 ut
536 1383 661 1448 dicatur
680 1385 817 1472 cogitatio
827 1386 987 1473 sensusque
1005 1382 1112 1447 doloris

83 1479 226 1566 discedere
238 1508 258 1544 a
272 1483 491 1563 dormientibus,
506 1506 603 1570 quem
624 1484 715 1550 usum
735 1485 934 1571 exposuimus
956 1506 989 1570 p.
1004 1486 1057 1569 65.
1073 1486 1110 1550 Fr

84 1581 133 1645 vel
148 1605 185 1646 ca
203 1605 274 1669 quae
292 1596 423 1670 vocatur
436 1583 464 1646 tv
482 1587 526 1648 διὰ
546 1587 615 1648 δυοῖν
636 1584 727 1649 nobis
750 1598 860 1649 notata
881 1607 915 1670 p.
928 1605 983 1670 43.
1000 1587 1034 1650 F.
1058 1602 1111 1670 73.

82 1682 123 1746 B.
147 1685 198 1768 85.
215 1686 254 1749 E.
269 1704 333 1771 qua
346 1685 499 1750 vocabula
512 1685 670 1772 disjunsta
682 1686 888 1775 subjiciantur
903 1686 998 1751 unlus
1018 1708 1111 1750 voca·

83 1784 152 1848 buli
166 1785 325 1872 regimini,
347 1802 442 1872 atque
456 1786 609 1871 φλεγμοναὶ
621 1789 688 1872 περὶ
701 1789 852 1874 τραύματα
866 1788 887 1874 ’i
908 1787 985 1868 rope)
1008 1789 1111 1874 σαρκὸς

82 1887 217 1972 θηριώδεις
233 1889 280 1950 καὶ
294 1888 466 1974 οτερνωὸννῖορ
484 1888 528 1952 ita
542 1888 728 1975 accipienda
742 1890 798 1953 srnt
813 1889 895 1975 quasi
912 1889 1061 1974 scriptum
1076 1889 1112 1952 fit

82 1990 255 2074 argenterias
269 1999 429 2074 φλεγμονῶν
444 1992 511 2078 περὶ
530 1992 680 2076 τραύματα
699 1992 721 2077 οὲ
741 2000 825 2075 νομῶν
843 1996 946 2079 capreis
966 1993 1111 2076 θηριωδῶν.

84 2090 248 2155 Caeterum
270 2092 340 2156 haec
362 2092 435 2156 sunt
456 2092 542 2178 apud
561 2092 709 2169 Medicos
731 2092 843 2158 usitata
859 2094 963 2169 verba,
984 2091 1025 2156 de
1038 2091 1110 2178 qui·

81 2193 145 2257 bus
165 2193 308 2258 videatur
330 2193 444 2257 Foefius
463 2192 496 2258 in
519 2195 640 2257 OEcon.
664 2193 856 2280 Hippocrat.
875 2193 1056 2280 singillatim
1077 2193 1110 2257 in

83 2293 134 2358 his
149 2295 291 2373 vocibus,
306 2294 410 2377 Nepai,
422 2296 574 2382 Θηςιώδης,
589 2296 770 2382 Περοοοδονδα.

99 2391 107 2404 ’
129 2400 200 2481 165.
215 2399 253 2460 E.
270 2393 312 2458 Ὦ
332 2395 409 2479 φίλον
430 2395 498 2459 ὕννιν
518 2395 732 2481 δέλγητρομ]
758 2393 919 2482 Euripidis
942 2396 976 2461 in
1002 2397 1110 2461 Oreste

87 2499 160 2564 208.

129 2602 168 2662 16
168 2615 200 2684 5.
211 2602 249 2665 E.
273 2603 299 2664 ἐν
313 2598 418 2663 &ceseii
429 2599 529 2687 χώρῳ]
557 2598 708 2687 impiorum
723 2598 836 2685 insede
849 2598 933 2685 apud
943 2598 1063 2684 efferos,
1079 2598 1111 2662 in

85 2712 220 2765 tartaro:
243 2701 282 2765 ad
301 2703 384 2765 hanc
399 2701 586 2764 sententiam
602 2699 791 2785 interpretes
804 2720 917 2762 omnes
936 2711 1109 2778 verterunt,

84 2817 217 2888 excepta
237 2802 455 2880 Gottschedia‚
475 2825 546 2886 quae
567 2801 700 2865 Sallierii
721 2800 901 2865 Francicam
920 2800 1109 2885 interpreta·
1183 2797 1185 2800 ’

84 2904 205 2968 tionem
220 2902 314 2987 hujus
327 2902 425 2967 libelli
442 2901 633 2966 Germanice
651 2899 788 2966 reddidit
805 2900 838 2963 in
851 2900 1008 2986 Operibus
1022 2901 1109 2964 Aca·

84 3005 198 3069 demiae
214 3004 469 3090 inscriptionum,
485 3002 592 3068 ἄσεὸὤν
609 3012 702 3090 χῶρον
717 3002 899 3089 intelligens
915 3002 1007 3065 locum
1021 3002 1109 3066 babi-

84 3120 178 3170 tatum
197 3106 336 3192 maleficis
351 3106 393 3168 ad
413 3120 529 3170 nrortcm
550 3106 764 3170 cendemnatis:
787 3127 883 3190 quem
897 3127 1036 3169 errorem
1050 3104 1109 3169 do-

86 3209 135 3274 ne
151 3208 370 3274 animadvertit
384 3207 428 3271 vir
442 3206 664 3271 cruditissimus
679 3206 757 3271 Cbr.
774 3209 798 3270 F
799 3206 857 3269 rid.
873 3205 1035 3283 Mattbaei,
1050 3226 1109 3291 ap-

86 3305 206 3395 poneni
230 3309 338 3375 locum
361 3331 399 3372 ex
421 3308 592 3386 AEscbinis‚
616 3319 654 3372 ut
674 3306 786 3386 fertur,
810 3306 938 3392 dialogo
962 3305 1110 3371 Axiocho

85 3412 117 3498 ᾗ.
136 3431 194 3476 21:
211 3409 310 3484 Ὅσοις
325 3411 352 3473 δὲ
365 3414 396 3474 τὸ
417 3414 461 3496 ζῇν
482 3413 526 3473 διοὶ
547 3410 772 3497 κοοκνργημάτῶν
791 3410 893 3488 ἠλάθη,
908 3409 1024 3494 οἴγοντον
1037 3414 1111 3498 πρὸς

85 3511 223 3597 Ἐριννύων
245 3514 285 3574 ἔντ’
302 3509 417 3598 Ἐςεέος
433 3539 455 3597 οι,
472 3511 559 3588 Χάος,
576 3513 619 3572 διὰ
633 3510 778 3598 Ταρτᾶςν·
804 3510 869 3573 ἔνθα
885 3520 978 3596 χῶρος
991 3510 1110 3589 dietbolt,

86 3614 132 3691 uei
152 3617 293 3679 Δαναΐδων
314 3617 410 3701 ύδρεῖνρ
423 3617 542 3692 ἀτελεῖς,
557 3615 577 3699 'b
590 3614 726 3676 Ταντᾶλν
740 3615 827 3691 δίψος,
851 3615 872 3700 ’i
887 3618 976 3676 Τιτυὲ
990 3611 1110 3699 σντλιίγ-

84 3743 155 3801 χνα,
178 3718 198 3802 ’b
220 3716 331 3798 Σοσῦφν
353 3714 447 3802 werpes
466 3715 599 3791 ἀνήνυτος.
644 3713 707 3778 Sed
729 3728 762 3777 et
782 3713 969 3777 Plutarchus
984 3715 1034 3778 De
1050 3715 1111 3780 Vi·

86 3817 174 3881 tand.
191 3819 261 3881 AEr.
279 3817 389 3881 Alien.
412 3840 445 3903 p.
463 3817 536 3880 828.
551 3819 595 3880 F:
618 3813 709 3902 ιδσοτερ
724 3813 793 3889 etet
813 3815 937 3878 Πλάτων
958 3817 1022 3896 φοοδ
1045 3821 1109 3880 καθ’

85 3918 136 3982 ἅδε
149 3919 277 4004 διαπύροις
291 3923 413 3992 κολοιςοὶς
427 3920 448 4004 'i
465 3916 620 3999 δημοκοίνοις
635 3917 758 3999 tenebas
771 3921 826 3990 τοῖς
839 3915 1111 3994 ›tessaresce—ciret

85 4025 132 4098 τὴν
153 4024 258 4106 ἀγορὰν
276 4018 382 4082 &crine
399 4019 497 4105 χώραν
514 4017 710 4094 ἀποδείξαντες·
734 4017 791 4080 ubi
813 4011 952 4082 solentne
973 4020 1111 4083 vocabu·

86 4122 153 4186 lum
166 4130 258 4207 χῶρον
273 4120 491 4206 reponendum
505 4133 628 4205 putem.
652 4120 734 4182 Item
750 4118 874 4182 Catone
889 4120 972 4184 Min.
989 4141 1023 4205 p.
1036 4123 1109 4203 761.

88 4226 139 4289 A:
163 4227 209 4300 τὴν
223 4218 309 4286 οἰκίαν
323 4230 370 4285 τοῦ
384 4221 487 4287 Σύλλιον
500 4222 580 4303 μηδὲν
600 4219 662 4313 τότε
676 4221 814 4308 προσιδεῖν
833 4219 940 4285 ἀοιδῶν
951 4221 1034 4308 χώρει
1049 4225 1111 4286 διοι-
