2692 4770
155 312 213 376 ³7⁸
300 307 340 368 D.
352 309 403 367 W.
423 310 630 370 ANIMADV.
651 310 698 369 IN
718 310 949 370 PLUTARCHI
969 310 1042 369 LIB.

159 467 221 532 hoc
236 464 316 534 llatu
336 470 470 537 facultas
486 472 654 560 judicandi
668 472 781 558 incipit
795 471 982 559 συμφέρεσθαι,
1002 470 1193 557 consuescere,

159 581 292 634 contenta
305 572 370 657 effe,
384 571 477 656 λόγοις
491 573 641 654 δυναμένοις
662 578 777 657 ἐμποιεῖν
791 572 854 650 ἦθος
873 571 919 650 κα)
931 571 1061 656 μέγεθος,
1077 569 1115 634 iis
1136 569 1190 634 dl·

160 668 219 733 etis
239 671 421 758 scriptisque
443 696 515 760 quae
537 674 687 738 adierunt
708 698 813 738 morem
834 685 863 736 et
884 671 1132 758 magnitudinem,
1156 668 1191 734 id

158 770 213 849 est,
228 795 296 856 quae
309 773 353 835 ad
372 796 461 837 mores
470 774 648 859 firmandos
662 787 690 836 et
707 774 800 837 animi
814 773 1047 859 magnitudinem
1061 770 1168 834 valent
1176 795 1188 834 .·

159 871 200 935 de
222 871 282 937 hac
305 873 434 938 notione
453 876 538 939 vocis
560 874 622 952 ἦθος
642 890 675 940 et
689 875 765 939 alibi
782 874 928 949 vidimus,
943 887 977 936 et
991 872 1130 936 diximus
1147 871 1190 936 ad

158 975 278 1061 Quaest.
295 976 374 1040 Plnt.
391 979 417 1042 1.
431 1000 464 1064 p.
475 1000 548 1065 999.
564 982 602 1043 E.
617 979 649 1044 in
666 978 820 1044 Biblioth.
836 978 918 1042 Crit.
933 975 1007 1039 Vol.
1022 974 1085 1037 lll.
1101 975 1187 1037 Part.

160 1074 193 1137 1.
211 1095 244 1159 p.
263 1078 407 1144 16-20.
443 1079 542 1143 Verbi
562 1079 739 1166 noppr‘pnbnv
760 1079 914 1144 rationem
937 1075 1057 1141 nnllam
1080 1074 1187 1137 habu·

158 1188 254 1239 ernnt
268 1177 391 1242 Latine
404 1179 590 1244 Verfiones:
612 1181 702 1266 atqui
716 1182 797 1266 saepe
811 1181 855 1244 est
871 1175 1050 1254 Plutarcho,
1063 1175 1108 1237 nti
1123 1174 1186 1238 ali·

157 1297 220 1361 qua
234 1298 276 1353 re,
291 1289 450 1341 contentum
463 1301 499 1340 ea
514 1279 577 1364 effe,
596 1287 727 1344 tradere
744 1303 819 1358 eam,
833 1278 948 1364 verjbrt'
962 1287 990 1340 et
1004 1277 1111 1362 degere
1124 1299 1187 1339 cum

158 1398 206 1455 ea,
229 1377 394 1462 widemire.
429 1378 516 1464 Opp.
537 1381 623 1443 Mor.
647 1401 680 1466 p.
694 1380 770 1460 461.
786 1380 824 1444 Β.
839 1380 877 1442 Ε.
900 1381 974 1461 827.
991 1376 1031 1440 B.
1054 1377 1130 1461 960.
1146 1377 1184 1439 E.

160 1474 255 1562 1089.
270 1477 308 1541 B.
325 1477 359 1541 F.
384 1494 479 1564 1115.
492 1480 531 1544 Β.
568 1479 637 1546 Vrt.
655 1498 727 1565 130·
741 1480 780 1544 B.
801 1481 877 1565 3⁶9·
893 1481 929 1542 F.
954 1479 1025 1560 877.
1045 1474 1085 1540 C.
1107 1491 1184 1561 925.

177 1751 180 1757 .
199 1695 253 1764 79.
267 1680 311 1745 A.
334 1687 408 1746 mal
421 1684 467 1746 riv
479 1681 620 1768 Αἴσωπον]
647 1681 765 1747 Fabula
786 1681 827 1746 de
845 1680 951 1767 Vulpe
974 1691 1186 1767 egrotantem

156 1780 298 1852 Leonem
311 1781 473 1862 invisente,
483 1805 554 1869 quae
568 1784 610 1847 est
625 1783 828 1847 CXXXVII.
845 1783 876 1846 in
890 1779 1031 1846 editione
1042 1782 1073 1845 J.
1086 1779 1184 1844 Hud-

157 1881 225 1946 soni
239 1881 374 1968 repetita
386 1882 428 1946 ab
441 1885 473 1947 J.
482 1884 533 1946 M.
547 1882 762 1968 Heusingeroz
778 1881 1003 1968 proverbialem
1015 1878 1114 1944 babet
1128 1900 1183 1944 ce·

155 1978 350 2060 lebritatem,
364 2003 384 2044 a
398 1981 509 2046 multis
521 1981 569 2046 vel
583 1982 718 2047 breviter
732 1981 912 2069 significato,
923 1979 972 2044 vel
985 1979 1099 2045 diserte
1113 2001 1182 2044 me·

154 2095 291 2161 morata,
306 2104 444 2168 quorum
458 2084 636 2148 mentiones
648 2096 799 2148 notarunt
811 2085 857 2147 D.
868 2082 1041 2147 lombinue
1053 2082 1096 2147 ed
1108 2083 1181 2147 Ηο-

156 2182 229 2247 ratii
244 2185 304 2268 Ep.
320 2185 347 2247 l.
365 2203 395 2247 1.
411 2200 464 2268 75.
481 2199 516 2250 et
531 2187 563 2250 J.
578 2184 752 2250 Hudsonus
766 2184 788 2249 l.
803 2207 832 2248 c.
847 2184 901 2271 qui
915 2205 974 2248 nec
989 2183 1077 2250 hunc
1091 2186 1181 2250 Plut-

155 2284 245 2353 archi
258 2285 367 2350 locum
381 2285 494 2350 omifit.
747 2318 751 2327 ·

180 2403 252 2472 ⁷79.
265 2386 304 2450 B.
327 2385 417 2474 ὥσπερ
435 2392 492 2474 γὰρ
511 2391 681 2471 ὄΣοφοκλῆς
700 2387 944 2473 ἔλιγο-εἷδος-]
974 2387 1014 2451 Ut
1028 2388 1106 2451 enin
1126 2387 1180 2454 So·

152 2485 268 2574 phocles
285 2486 410 2565 dicebat,
421 2488 470 2573 se,
490 2511 578 2574 quum
595 2487 732 2577 AEsrffli
740 2486 871 2574 ftssm,
892 2487 997 2551 deinde
1017 2501 1182 2575 apparator

153 2587 342 2673 crtrioſstatem
362 2587 544 2673 confutaſjet,
566 2589 650 2652 tertio
660 2591 731 2677 jam
753 2589 812 2652 loco
829 2600 945 2652 mutare
964 2589 1130 2670 dieionem,
1150 2591 1184 2654 id

154 2688 204 2776 est,
220 2691 357 2776 optimam
371 2702 400 2753 et
413 2691 538 2755 maxime
552 2714 615 2754 cum
630 2691 755 2755 moribus
769 2692 949 2779 conjunctam
959 2703 1087 2778 partem.
1117 2692 1180 2758 Di·

153 2794 242 2858 ctum
256 2814 313 2877 per
328 2791 611 2878 breviloquentiam
623 2814 683 2878 pro
695 2798 755 2855 -1
764 2794 908 2874 Σοφοκλῆς
923 2793 1004 2877 ἔλεγε
1015 2800 1051 2856 τῦ
1061 2795 1180 2879 Αἰχόλν

153 2891 353 2979 διαπιπαιχῶς,
370 2902 473 2980 πρῶτον
492 2893 544 2975 μὶν
563 2895 609 2957 τὸν
627 2894 720 2977 ὄγκον,
742 2894 802 2956 εἶτα
818 2896 850 2958 ri
868 2921 909 2958 nr.
940 2897 1011 2960 Nec
1032 2915 1114 2979 opus
1135 2894 1182 2960 ita

153 2992 334 3080 corrigere:
356 3003 467 3080 πρόπον
479 2993 529 3074 μὲν
543 2991 620 3056 item
635 2993 806 3073 omittitur,
824 3009 861 3059 ut
874 2994 992 3082 δεόπιςοι
1006 2995 1045 3074 ii,
1060 2994 1179 3081 dequo

153 3093 282 3158 monuit
305 3090 497 3158 Abrcschius
523 3090 695 3156 Animadv.
721 3091 753 3155 in
784 3093 926 3180 AEsehyl.
941 3116 986 3180 .p.
1006 3096 1082 3178 326.
1126 3096 1179 3160 Dc

152 3193 316 3284 tragoediae
332 3192 534 3257 incrementis
553 3194 620 3277 post
641 3194 829 3281 AEschylum
851 3217 872 3258 a
892 3194 1052 3279 Sophocle
1072 3194 1178 3274 saitis,

153 3294 337 3362 Aristoteles
347 3296 399 3358 De
411 3293 537 3359 Poetica
551 3295 636 3359 seer.
647 3297 690 3358 X.
706 3295 761 3360 ubi
775 3295 908 3359 eximius
921 3295 965 3360 vir
976 3295 1178 3383 Tyrwhittus

152 3395 306 3462 videatur.
340 3394 507 3480 Diogenes
525 3394 671 3459 laertius
696 3396 757 3459 lll.
781 3399 836 3479 56.
873 3394 1062 3458 'lbemistius
1085 3396 1176 3461 Orat.

152 3499 277 3579 XXVI.
300 3519 333 3583 p.
348 3498 424 3581 316.
438 3496 490 3559 D:
513 3495 642 3561 uberius
657 3496 752 3560 etiam
772 3499 963 3584 Anonymus
977 3495 1010 3560 in
1024 3495 1102 3560 Vita
1116 3496 1176 3562 So·

152 3599 277 3685 phoclis
289 3596 427 3673 ‚Scholiis
448 3596 611 3681 praemilla,
633 3596 666 3660 in
681 3618 745 3682 qua
765 3596 945 3682 complures
959 3598 1032 3661 sunt
1044 3597 1178 3665 erudita

151 3699 331 3766 notationes
343 3720 383 3762 ex
395 3697 534 3783 antiquis
547 3696 693 3762 Vitarum
714 3718 751 3762 ac
770 3695 1019 3762 Didascalinrum
1041 3697 1176 3783 scripto·

151 3801 240 3867 ribus
255 3801 378 3879 sumtae,
388 3820 484 3884 quam
498 3796 681 3883 compilavit
694 3795 808 3862 Suidne
820 3795 853 3861 in
866 3822 896 3861 v.
907 3799 1061 3880 Σοφοκλῆς.
1086 3799 1176 3863 Plut-

151 3903 266 3978 archus
290 3900 344 3964 sua
364 3922 402 3964 ex
425 3898 551 3984 perdito
572 3899 700 3963 cultore
723 3899 831 3962 habet.
872 3899 959 3985 Quid
983 3899 1020 3961 fit
1040 3898 1122 3984 ὄγκος
1143 3913 1177 3964 et

152 4007 310 4080 κατασκινὴ
323 4001 356 4065 in
370 4001 442 4078 λέξιν
457 3999 592 4064 vidimus
605 3999 646 4064 ad
664 4021 697 4085 p.
715 4001 766 4063 16.
780 4000 820 4062 C.
836 4013 870 4064 et
883 4019 937 4085 30.
952 4001 1003 4064 Dr
1027 4023 1112 4065 nunc
1127 4003 1174 4064 se·

152 4108 243 4175 or'lim
263 4127 321 4191 per
341 4103 373 4168 sc
394 4102 549 4189 quodque
563 4102 753 4188 speciantur.
782 4099 893 4188 Ὀγιος
912 4099 991 4165 alies
1009 4101 1045 4165 in
1066 4101 1172 4183 laude,

144 4209 206 4276 ‘hic
229 4208 262 4272 in
284 4204 364 4273 vitio
385 4205 533 4294 ponitur:
561 4204 606 4269 est
625 4201 754 4292 quidem
780 4202 833 4268 illa
852 4204 1010 4291 gravitas,
1030 4201 1173 4292 majestas,
