2692 4770
156 313 217 383 704Ι
346 311 384 370 D.
395 311 446 370 W.
456 309 672 370 ·AN1MADV.
691 309 739 369 IN
760 308 993 370 PLUTARCHI

149 470 221 558 jam
244 484 318 539 ante
342 472 550 540 Plutarchum
571 473 606 538 iu
626 473 688 538 bac
709 471 1047 560 admonitionedsxi:
1067 492 1189 538 nomen

157 573 283 639 celebre
297 574 370 640 fuit.

202 697 274 745 102.
290 679 328 743 B.
350 680 417 741 ἀλλ’
439 680 479 740 ἐπ’
494 676 624 763 ἄλλῃ-ἦ
650 674 800 742 Diximus
820 674 862 741 ad
883 697 916 763 p.
931 677 984 761 69.
1000 676 1045 740 D.
1066 676 1125 741 ubi
1140 676 1188 741 se-

156 777 281 842 cundus
295 790 329 842 et
344 777 457 842 tertius
471 779 574 843 versus
590 777 750 842 citantur:
775 775 869 863 primi
891 775 1093 842 deficientem
1113 799 1189 864 par·

157 891 224 941 tem
247 879 429 943 Gatakerus
455 880 494 943 in
510 878 641 943 Advers.
665 877 768 943 Postb.
790 900 824 965 p.
838 877 914 962 487.
938 878 1066 964 explere
1087 879 1190 944 voluit

155 978 307 1067 legendo,
322 984 407 1046 Ἀλλ’
421 981 488 1046 ἄλλ’
504 985 544 1046 ἐπ’
558 981 687 1068 osup*
724 983 818 1048 Unus
840 1003 879 1046 ex
900 981 1009 1046 nostris
1023 980 1190 1046 codicibus

156 1082 273 1149 Venet.
287 1082 386 1148 habet
400 1082 510 1170 quida
523 1083 646 1149 caeteris
660 1083 779 1163 diversi,
788 1081 883 1147 Ἀλλο
898 1082 926 1146 δέ
938 1084 969 1168 γ’
983 1086 1022 1146 ἐκ·
1034 1081 1167 1169 asnar.

201 1202 273 1251 102.
288 1183 329 1249 C.
351 1188 473 1248 Πολλῶν
492 1189 550 1272 γὰρ
572 1183 652 1248 ὄντοιν
672 1185 802 1269 ψυχικῶν
823 1185 983 1269 aas&
1010 1184 1049 1248 In
1063 1184 1188 1248 Emen-

155 1284 284 1350 datione
298 1285 370 1373 jam
384 1285 564 1351 notavimus
579 1287 682 1357 sumta
704 1284 774 1350 haec
795 1285 855 1349 esse
876 1307 917 1349 ex
937 1282 1111 1350 Menandri
1131 1297 1188 1349 aut

156 1387 352 1455 Philemonis
377 1387 514 1474 quadam
538 1387 659 1466 sabula,
685 1386 894 1476 eamdemque
915 1386 1104 1452 sententiam
1130 1402 1188 1451 ex-

155 1487 232 1552 slare
245 1488 330 1575 apud
346 1488 510 1553 Stoboeum
527 1488 632 1553 Floril.
651 1488 717 1554 Tit.
732 1490 856 1555 XCIX.
873 1489 981 1555 Grotii
993 1510 1026 1576 p.
1036 1502 1114 1573 415.
1131 1489 1189 1554 sub

152 1589 286 1655 nomine
309 1589 523 1655 Philemonis:
548 1604 582 1655 at
604 1591 637 1655 in
659 1591 791 1656 Gesneri
804 1590 946 1657 editione
963 1592 1028 1657 lit.
1044 1591 1188 1659 XCVII.

155 1691 212 1757 sub
234 1692 362 1757 nourine
384 1693 554 1758 Menandri
576 1715 609 1779 p.
623 1708 708 1778 537:
732 1693 856 1759 fontem
876 1693 963 1757 hunc
986 1693 1187 1759 Plutarcbeae

154 1794 307 1861 orationis
327 1794 475 1861 indicasse
490 1795 553 1861 Th.
570 1796 745 1861 Canteruur
759 1797 801 1861 V.
815 1799 853 1860 L.
875 1796 902 1860 l.
921 1798 971 1860 16.
1005 1798 1132 1861 Iocum
1153 1797 1187 1861 in

155 1897 271 1962 Graeco
295 1908 448 1962 contextu
473 1895 611 1961 solutum
636 1913 743 1987 metro
764 1896 972 1984 reliquimus:
1007 1895 1096 1984 quod
1121 1897 1187 1983 ipse

153 2000 257 2063 versus
272 1997 402 2064 solvisset
426 1997 762 2096 Plutarchusbsuaeque
778 1998 983 2085 disputationi
997 2020 1185 2064 accommo-

104 2106 108 2112 '
153 2098 272 2162 dasset:
295 2121 392 2185 quam
407 2099 562 2164 rationem
578 2100 610 2163 in
628 2098 689 2163 hoc
707 2099 789 2164 libro
802 2099 950 2165 licentius
965 2122 1061 2186 quam
1076 2101 1111 2165 in
1123 2099 1188 2166 alio

153 2221 315 2287 quoquam
330 2201 456 2266 secutus
471 2202 525 2264 est.
558 2200 622 2265 Sed
629 2200 724 2288 juvat
737 2201 819 2287 ipsos
833 2222 993 2287 apponere
1007 2201 1133 2266 versus:

321 2309 444 2367 Πολλῶν
459 2303 535 2384 φύσει
549 2308 605 2378 τοῖς
617 2309 702 2366 πᾶσιν
717 2307 795 2366 αἰτία
811 2312 904 2368 κακῶν

321 2407 412 2483 sitien·
437 2407 480 2467 lut
493 2405 579 2481 λύπην
594 2406 615 2491 'lt
630 2405 718 2486 passa
731 2411 790 2492 γοὶς
803 2406 909 2490 γίνεται

325 2513 478 2587 Πολλοῖσι,
494 2508 515 2594 a}
530 2509 660 2590 νοσήματ’
676 2512 722 2572 οὐκ
740 2508 850 2589 ἰάσιμοι·

325 2611 417 2684 Ainis
431 2614 455 2673 τ’
470 2612 619 2698 ἀνῃρήκασι
636 2613 679 2674 διὰ
693 2610 779 2688 λύπην
793 2610 872 2685 τινές·

320 2714 410 2774 ’Ensis
424 2712 455 2774 ri
472 2718 571 2774 λυποῦν
583 2710 701 2788 elisisti:
715 2714 746 2775 τὸ
760 2716 846 2791 σῶζον
858 2707 886 2796 ll·

153 2816 191 2878 In
208 2812 323 2878 Clerici
338 2813 478 2876 editione
493 2813 575 2876 inter
596 2812 789 2877 Philemonis
810 2815 880 2877 suut
902 2835 934 2899 p.
951 2830 1026 2898 354.
1064 2814 1188 2881 Similia

152 2917 286 2983 aliorum
302 2916 387 2979 dista
401 2916 520 2978 exstant
534 2915 566 2978 iu
582 2915 696 2980 eodem
710 2915 832 2981 Stobtei
846 2916 966 2993 Titulo,
981 2939 1052 3002 quae
1069 2920 1187 2984 referre

152 3017 197 3082 nil
212 3018 340 3081 attinet.
378 3017 414 3079 ln
438 3019 567 3101 ψυχικῶν
588 3039 699 3082 onmes
721 3018 925 3082 consentiunt
943 3017 1034 3084 libri:
1059 3034 1188 3105 poterat

151 3136 259 3184 tamen
285 3118 471 3182 Plutarchus
494 3120 676 3204 exemplum
698 3120 795 3217 presl'e
817 3121 949 3208 sequens
971 3131 1090 3202 φυσικῶν
1108 3123 1187 3187 scri·

147 3223 245 3288 bere:
271 3221 322 3285 sed
335 3221 444 3284 omnia
459 3220 583 3285 volebat
604 3221 644 3284 ad
663 3225 758 3307 ψυχὴ-ν
779 3224 907 3301 referre,
922 3236 960 3288 ut
981 3224 1058 3288 item
1075 3225 1108 3288 in
1124 3227 1186 3290 ΔΕ·

151 3324 251 3412 schyll
266 3322 352 3387 <licio
366 3325 446 3407 ὀργῆς
462 3322 493 3383 ln
508 3324 602 3407 ψυχῆς
618 3323 765 3387 mutavit.

196 3446 268 3492 102.
285 3427 324 3490 C.
347 3430 387 3488 Τὸ
405 3426 455 3504 μὲν
470 3424 513 3487 οὖν
536 3430 716 3508 ἀλγεῖν-ἐρ’
740 3428 816 3511 ἡμῖν]
842 3428 950 3492 Teneo
972 3427 1078 3492 adhuc
1096 3429 1187 3515 quod

151 3529 268 3605 notavi,
287 3528 356 3591 haec
373 3526 464 3602 item,
479 3541 515 3589 ut
532 3526 686 3611 proxima,
705 3528 765 3590 esse
787 3529 970 3593 Crantoris:
994 3552 1033 3593 ex
1051 3529 1186 3594 eodem·

149 3652 214 3716 que
236 3629 373 3714 plurima
394 3627 456 3690 aliu
482 3627 513 3690 in
537 3627 599 3690 hoc
624 3627 704 3692 libro
728 3629 916 3693 Plutarcheo
941 3632 1069 3711 exstare,
1095 3633 1187 3697 nulla

150 3732 234 3797 satia
249 3730 411 3795 mentione
433 3729 582 3807 auctoris,
599 3730 796 3794 documento
811 3731 855 3795 est
874 3731 1032 3797 diversitas
1052 3735 1186 3799 rationis

149 3849 185 3900 et
206 3832 370 3910 orationis„
386 3846 418 3896 et
433 3831 563 3917 quidam
581 3832 780 3919 antiquitatis
802 3832 890 3897 color
911 3856 930 3896 a
952 3834 1065 3920 reliqui
1087 3836 1187 3902 libelli

146 3935 257 4009 ‚colore
271 3935 314 3999 ita
329 3934 488 4012 differens,
506 3947 543 3998 ut
557 3934 688 3998 subinde
704 3935 826 4000 sensum
841 3956 950 4000 meum
965 3938 1110 4003 moverit.

193 4060 266 4106 102.
281 4024 321 4102 C.
340 4040 385 4099 Οὐ
399 4041 457 4123 γοὶς
473 4034 564 4120 ἔγωγε
577 4037 833 4121 συμφέρομαι-Ι).
850 4038 970 4124 ψυχήν]
999 4039 1106 4127 Hujus
1120 4040 1186 4106 loci

148 4156 272 4226 partem
287 4162 326 4205 ex
343 4140 628 4226 Crantoreattulit
651 4139 765 4223 Cicero
782 4141 879 4206 Tusc.
897 4141 959 4207 Ill.
972 4145 1004 4208 6.
1022 4160 1066 4223 et,
1083 4147 1187 4211 nostra
