2692 4770
221 309 299 377 1:172
394 254 514 366 ⁵ova
533 304 743 367 morant.
762 304 811 368 m
829 301 1063 367 rimarem

221 466 312 532 XLI.
329 485 361 537 α.
391 467 444 534 Dc
459 481 652 557 argumento
666 466 764 558 hujus
780 463 1078 557 Apophtitegmatit
1092 475 1127 531 et
1139 461 1183 529 de
1195 463 1263 531 Ju-

221 565 326 649 diciia,
342 569 479 657 Cragiua
494 573 574 658 Rep.
589 571 708 638 Laced.
724 572 784 640 IV.
796 573 828 636 8.
844 592 878 658 p.
891 590 968 657 434.
982 589 1060 657 439.

267 687 343 736 aaa.
356 671 397 736 B.
431 673 731 762 ammon]
762 671 975 761 Ieotyehidre
995 669 1080 735 filius
1103 679 1182 734 ante
1201 687 1262 754 pa·

224 782 307 836 trem
322 785 470 838 mortum
484 773 595 841 relido
609 773 675 842 filio
690 773 891 842 Archidamo
906 774 953 841 11.
979 770 1140 840 Meurtu·
1153 769 1264 857 Regu.

223 874 343 940 laced.
358 875 469 942 XVII.
485 896 518 963 p.
533 895 586 965 79.

268 994 342 1044 221.
355 978 393 1043 B.
414 977 470 1064 α’.]
493 978 619 1068 Attigit
638 975 777 1067 Cragiuc
798 980 879 1065 Rep.
901 978 979 1043 Lac.
996 976 1059 1042 111.
1081 994 1112 1040 1.
1134 994 1170 1062 p.
1186 991 1264 1059 ¹7⁰·

223 1075 363 1144 Videtur
374 1082 416 1143 δεῖ
426 1080 585 1147 adhaefiffe
598 1104 638 1147 ex
650 1080 751 1148 altera
761 1079 898 1168 quadam
913 1077 1062 1158 lectione,
1073 1098 1138 1163 qua
1147 1076 1262 1164 aquirio!

223 1179 351 1247 eberat:
374 1197 462 1248 carte
484 1205 550 1249 non
567 1182 620 1247 niti
635 1182 773 1250 alterum
786 1180 916 1249 retineri
930 1179 1032 1269 potest
1044 1205 1054 1244 ι
1076 1179 1163 1243 forte
1175 1198 1260 1266 quo·

222 1297 300 1369 que,
312 1286 354 1348 δεῖ
365 1298 479 1352 natum
489 1286 530 1353 'fit
544 1309 584 1353 ex
595 1285 649 1352 ἀεί.

267 1403 342 1454 221.
356 1387 396 1452 Β.
418 1386 475 1472 fist]
497 1388 529 1454 J.
545 1388 601 1453 dat
615 1386 768 1471 δυναμίνοις
780 1408 840 1474 pro
852 1382 1039 1469 βουλομένοις.

266 1503 341 1553 221.
357 1485 398 1551 C.
420 1489 649 1574 mortuom]
673 1487 750 1555 Sine
770 1486 909 1553 auctorit
927 1483 1058 1551 nominc
1076 1482 1121 1547 est
1133 1480 1169 1546 in
1182 1478 1260 1547 Vm

223 1586 366 1675 Lycurgi
387 1608 422 1676 p.
443 1604 499 1675 54.
518 1591 557 1654 E.
593 1591 647 1656 Da
669 1588 771 1677 ἀργίᾳ,
790 1589 847 1654 otio
861 1589 1091 1676 Spartanorum
1118 1579 1261 1670 Cregiut

224 1688 306 1774 Rep.
321 1686 439 1755 Laced.
455 1690 519 1757 ΙΙΙ.
536 1712 570 1778 9.
585 1708 618 1776 7.
656 1689 848 1758 Plutarchus
861 1689 895 1756 in
914 1691 1068 1777 Lycurgo
1088 1707 1123 1773 p.
1136 1698 1194 1770 54.
1214 1685 1260 1763 Dr

223 1789 272 1854 E:
303 1804 338 1855 et
365 1812 424 1857 not
447 1791 595 1880 quodam
618 1791 660 1858 ad
683 1791 912 1881 Xenophontis
934 1788 1060 1856 Selom
1084 1788 1118 1853 io
1141 1787 1262 1854 Sele&

222 1890 305 1955 ffist.
319 1892 379 1957 Gr.
403 1914 438 1980 p.
452 1910 529 1980 373.
565 1893 618 1960 De
632 1893 734 1981 ἄργὶας
755 1894 860 1960 caussa
877 1889 1016 1958 Athenio
1034 1887 1146 1958 valer.
1168 1889 1264 1953 Max.

224 1989 270 2056 Π.
286 1991 319 2056 6.
333 2011 353 2077 3
368 2015 376 2057 ι
403 1993 557 2059 Aristides
578 1995 619 2060 T.
635 1996 662 2059 Ι.
685 2014 719 2080 p.
733 2013 821 2076 444:
851 1995 886 2060 8.
909 1991 1031 2058 Petitur
1051 1992 1136 2078 Leg.
1155 1989 1265 2055 attic.

222 2112 255 2178 p·
271 2109 349 2178 520.
372 2092 481 2181 ibique
497 2094 743 2184 Weffclingiua.
769 2093 899 2184 Taylor.
918 2093 1011 2160 Iaet.
1031 2092 1106 2181 Lys.
1132 2113 1168 2180 p.
1184 2108 1262 2180 297.

264 2312 338 2362 παι.
354 2294 396 2362 C.
416 2296 656 2380 caturam]
677 2295 831 2382 Tberfidaes
844 2293 976 2382 quidem
991 2296 1181 2384 Spartamu,
1196 2293 1260 2361 alia

220 2393 254 2461 in
268 2397 383 2476 cauffo,
399 2412 597 2465 memoratur
609 2399 651 2464 ab
664 2398 833 2464 Herodoto
846 2398 908 2463 VI.
924 2398 977 2484 85.

264 2518 338 2565 221.
351 2499 392 2565 C.
407 2503 683 2587 optumum]
701 2499 845 2587 Mrytfiaf
858 2498 977 2566 dicitur
991 2499 1163 2566 Herodoto
1177 2503 1257 2568 VH.

221 2617 296 2668 221.
325 2601 381 2665 ubi
403 2602 495 2689 plura
515 2602 557 2669 de
582 2603 714 2668 homine
737 2616 773 2668 et
795 2600 927 2667 nomine
953 2614 1111 2667 annotant
1134 2602 1257 2668 duum·

219 2703 289 2767 viri.
333 2703 398 2768 Sed
423 2704 612 2771 Plutarchus
636 2706 689 2771 De
713 2703 874 2770 Herodoti
898 2703 1037 2790 Malign.
1061 2725 1095 2790 p.
1115 2705 1192 2771 866.
1216 2706 1257 2771 C.

218 2808 325 2894 prodit
353 2810 535 2895 responsum
564 2810 716 2877 leonidae
743 2834 764 2877 a
786 2822 941 2899 cognato,
967 2831 1065 2896 quem
1092 2809 1257 2879 dimittere

219 2911 327 2976 vellet.

263 3032 337 3079 221.
352 3014 396 3078 D.
419 3016 724 3099 ΘΕΟΠΟΜΠΟὙ]
751 3013 920 3080 Celebrata
937 3012 1034 3102 hujus
1047 3013 1091 3079 est
1105 3013 1140 3079 in
1156 3013 1257 3102 Regi·

216 3115 278 3179 bue
299 3112 464 3201 Spartanis
482 3115 648 3195 memoria,
664 3128 795 3204 propter
816 3116 975 3182 institutos
995 3115 1038 3180 ab
1056 3137 1097 3181 eo
1111 3117 1260 3202 primum

217 3215 385 3304 Ephoroa3
408 3215 494 3282 unde
507 3216 540 3282 in
558 3217 670 3305 primia
684 3218 786 3285 fertur
799 3217 869 3305 ejus
883 3217 1151 3306 Apophthegma‚
1166 3217 1256 3307 quod

218 3318 282 3383 hoc
300 3318 373 3384 loco
391 3318 557 3384 defiderari
578 3319 743 3400 miramur,
760 3319 933 3408 prasertim
947 3342 1049 3407 quum
1065 3320 1258 3388 Plutarchus

217 3420 295 3485 alibi
318 3419 350 3484 id
373 3419 560 3506 prodiderit,
583 3420 661 3486 Vita
682 3420 825 3509 Lycurgi
848 3443 883 3508 p.
897 3440 952 3507 43.
966 3422 1005 3484 E.
1040 3420 1095 3484 Ad
1114 3420 1256 3508 Princip.

218 3521 345 3588 lodoci.
370 3544 404 3608 p.
421 3538 494 3608 779.
512 3524 552 3585 E.
573 3522 629 3587 ubi
649 3522 741 3609 plura
763 3522 958 3588 notabimus.
993 3520 1068 3607 Ejus
1089 3519 1203 3587 locum
1220 3522 1254 3588 in

218 3624 407 3689 succeffione
430 3622 646 3689 Proclidarum
664 3623 870 3712 defignarunt
892 3623 1048 3688 Meursrua
1066 3623 1120 3689 Dc
1139 3624 1255 3713 Regno

217 3725 336 3792 Laced.
363 3727 474 3791 XVII.
498 3746 531 3811 p.
551 3739 605 3810 77.
641 3725 821 3791 Larcherua
846 3724 1004 3791 Chronol.
1028 3724 1193 3792 Hemdot.
1215 3727 1255 3793 Τ.

215 3829 294 3894 VII.
309 3850 343 3913 p.
357 3845 433 3913 497.
448 3825 490 3890 ab
504 3827 639 3914 Olymp.
656 3828 702 3891 11.
719 3845 750 3892 2.
765 3827 806 3893 ad
822 3828 882 3894 IX.
898 3845 933 3894 α.

218 3933 222 3938 ’
259 3947 333 3997 221.
344 3928 389 3993 D.
411 3924 465 4013 6.]
493 3928 530 3992 In
545 3928 624 3993 Vita
637 3927 781 4016 Lycurgi
794 3928 872 3992 item
886 3939 924 3992 ut
938 3926 1189 4016 aTheopompo
1201 3928 1252 3995 di·

214 4031 303 4097 &um
326 4029 472 4119 proditur
492 4053 525 4118 p.
541 4049 595 4116 52.
614 4031 659 4096 D.
695 4029 824 4094 Procius
845 4028 887 4093 ad
909 4028 1039 4093 Hesiodi
1051 4029 1145 4119 Ἐςγ.
1164 4031 1256 4098 versu

215 4148 290 4216 705.
316 4153 335 4195 a
355 4134 511 4218 Spartano
536 4154 613 4220 rege
634 4131 677 4197 ad
699 4130 860 4216 hospitem
881 4129 1044 4195 Arcadem
1066 4131 1254 4217 responsum

212 4246 387 4301 memorata
410 4233 497 4322 quod
520 4233 575 4300 ilie
593 4247 633 4301 ut
654 4232 729 4314 alia,
755 4255 795 4299 ex
820 4232 982 4301 Plutarchi
1005 4233 1255 4302 Commentario
