2692 4770
172 290 231 358 77⁰
269 379 273 386 ι
362 288 401 348 D.
409 289 460 348 W.
480 289 688 351 ANIMADV.
708 291 757 351 IN
777 291 1008 352 PLUTARCHI

172 456 239 514 'uon
260 447 417 516 novimus.
455 451 552 519 Unde
566 476 645 542 ergo
658 454 722 520 hoe
739 477 857 520 nomen
879 452 1021 520 exstitisse
1034 449 1199 517 dicemus?

102 619 105 623 ,
172 549 329 637 Equidem
345 551 379 617 id
392 553 534 620 exstitisse
556 570 666 642 putem
690 556 739 621 vel
761 579 800 622 ex
819 556 949 622 nomine
967 551 1207 632 Ascidcmntis,

171 647 205 718 in
221 652 314 739 cujus
330 653 520 739 Laudatione
532 656 644 722 Mortis
657 656 693 721 hi
706 658 810 723 versus
823 657 992 723 memorari
1006 667 1204 743 potueruntr

172 771 241 844 qua·
252 751 292 823 de
309 774 343 817 re
364 753 529 820 Ciceronis
548 756 745 842 mentionem
760 779 798 822 ex
811 757 906 823 Tusc.
923 759 950 821 l.
963 757 1018 838 48.
1041 753 1205 840 posuimus

172 851 265 939 supra
285 854 326 918 ad
348 877 381 943 p.
399 877 428 921 1.
445 859 489 922 F:
514 857 622 923 velex
642 858 771 923 nomine
792 856 1060 948 Amphidamantis
1083 844 1206 920 Cbclci·

171 954 275 1041 densts,
300 955 393 1044 cujus
418 956 450 1023 in
473 958 584 1024 funere
604 957 685 1024 illud
707 957 831 1024 Honuri
853 971 883 1023 et
904 957 1025 1045 Hefiodi
1049 956 1205 1020 Certamen

170 1053 321 1131 habitum
342 1058 456 1140 fertur,
478 1073 517 1125 ut
537 1060 683 1148 proditur
697 1059 731 1127 in
745 1060 800 1126 illo
816 1059 883 1148 ipso
898 1059 1008 1127 libello
1029 1081 1064 1147 p.
1078 1076 1157 1143 321.
1171 1070 1208 1122 et

169 1155 335 1224 Plutarchi
356 1159 489 1226 Conviv.
511 1161 655 1249 sapient.
676 1184 709 1249 p.
726 1181 799 1249 153.
814 1164 853 1227 E.
872 1160 928 1227 ubi
942 1160 1034 1248 plura
1047 1158 1204 1224 dicemus.

170 1257 209 1320 In
226 1258 400 1324 Proverbiis
414 1260 594 1326 recensetur
607 1260 818 1327 Homericum
833 1258 955 1325 dietum
966 1281 986 1323 a
996 1255 1206 1344 Diogeuiano

170 1359 234 1424 ΙΙΙ.
248 1381 287 1442 4:
315 1360 560 1450 lheogrrideum
583 1384 603 1427 a
624 1361 723 1428 Suida
744 1364 807 1427 111.
827 1362 881 1426 66.
903 1361 962 1425 five
983 1380 1062 1424 voce
1081 1357 1201 1446 Ἀςχῆν

169 1461 226 1526 ubi
247 1462 310 1527 alia
330 1464 426 1529 etiam
447 1464 568 1530 notavit
583 1465 759 1530 Kusterus.
780 1461 996 1550 Reprehendit
1010 1459 1201 1528 sententiam

167 1562 327 1650 Epicurus
348 1566 436 1653 apud
457 1566 638 1655 Diogenem
660 1569 766 1633 laert.
787 1568 831 1633 X.
856 1567 938 1633 126:
966 1563 1065 1651 paulo
1083 1560 1203 1627 diverse

167 1664 323 1733 citantem
344 1669 486 1734 -Kantv
506 1669 558 1753 μὲν
578 1673 616 1753 μὴ
640 1677 727 1754 φῦναι·
750 1669 848 1733 Φῦπα
869 1671 890 1732 δ’
907 1667 976 1743 ὅπως
993 1663 1085 1740 ὅκιςα
1101 1668 1201 1740 πυλὶς

166 1766 393 1858 Mutuo·
1064 1803 1068 1809 ·

212 1885 284 1953 115.
297 1870 336 1934 E.
359 1875 452 1948 Δῆλον
473 1869 738 1959 οὗν-ἀπήνη]
764 1872 884 1937 Utrum
903 1869 974 1935 hec
995 1867 1057 1934 fint
1077 1864 1200 1933 Aristo·

38 1950 45 1962 ⁵
166 1968 239 2033 telis
251 1991 293 2034 an
308 1970 480 2052 Plutarchi,
495 1971 583 2037 haud
599 1972 693 2037 facile
705 1971 778 2060 quis
792 1970 890 2036 dicat.
924 1971 995 2035 Neo
1009 1969 1200 2057 interpretes

164 2066 211 2134 ita
231 2069 450 2153 reddiderunt,
472 2085 510 2138 ut
523 2073 601 2160 quid
614 2072 668 2161 ips
683 2071 910 2161 judicaverint,
924 2083 1086 2158 appareat.
1122 2066 1205 2135 Ari·

134 2230 137 2235 .
164 2168 313 2237 stotelicis
327 2185 436 2238 tamen
450 2195 548 2260 quam
562 2173 756 2239 Plutarcheis
770 2171 917 2237 fimuiora
930 2185 1023 2258 puto.

210 2287 283 2358 115.
298 2273 334 2338 F.
359 2275 451 2360 διεχῆ]
483 2273 597 2340 Rarius
617 2274 827 2340 vocabulum:
852 2271 1048 2339 contrarium
1067 2277 1116 2336 τοῦ
1129 2296 1198 2336 cos·

163 2378 246 2459 εχὲς,
260 2374 416 2461 conjuctis,
430 2374 580 2455 continui3
603 2376 710 2461 itaque
726 2386 817 2440 notat
839 2374 1028 2462 disjunctum,
1043 2370 1197 2461 insump-

163 2486 237 2541 tum.
283 2475 335 2541 sic
356 2474 544 2542 Plutarchus
571 2475 686 2541 Solert.
706 2474 848 2540 Animal.
870 2496 902 2562 p.
918 2476 993 2561 966.
1010 2477 1049 2540 E.
1087 2466 1199 2540 Habet

162 2576 344 2666 Hesychius
366 2576 398 2642 in
416 2601 512 2644 voce:
536 2590 570 2643 et
591 2579 638 2642 H.
654 2576 839 2662 Stephanus
861 2575 955 2642 Thes.
979 2578 1018 2640 L.
1034 2576 1093 2642 Gr.
1113 2577 1152 2640 T.
1167 2577 1195 2639 l.

162 2697 308 2765 P·1340·

206 2796 278 2867 115.
296 2785 330 2847 F.
352 2782 596 2864 Ἐπιλελησμὲνοις
611 2782 654 2846 οὗν
667 2784 803 2864 ἐοίκαμεν.
837 2785 882 2846 Οὐ
895 2780 1100 2868 γὰρμόκμ]
1131 2777 1195 2844 Ob·

160 2878 224 2945 litis
238 2907 307 2970 ergo
318 2883 433 2968 stmiles
444 2886 563 2969 isumus.
601 2885 776 2972 Cujusnam
792 2906 865 2949 vero
883 2883 929 2948 rei
946 2882 1076 2947 oblitis?
1106 2882 1195 2947 Sim·

160 2982 286 3068 pliciter
307 2983 444 3050 reddidit
458 2986 572 3071 Steph.
587 2986 700 3072 Niger,
719 2985 958 3073 Oblivyientium
973 2984 1070 3072 igitur
1078 2983 1196 3069 fissiles

147 3085 270 3172 sumus.
304 3086 541 3173 suppleverunt
559 3087 679 3176 aliquid
698 3092 871 3176 Anryotus,
893 3085 1019 3175 nossrum
1039 3088 1096 3175 ipſs
1110 3086 1196 3151 obsiti

34 3270 42 3281 .
147 3187 265 3274 sumus,
288 3202 321 3254 et
342 3188 518 3276 Xylander,
539 3190 623 3255 obsiti
643 3191 780 3254 videmur
801 3187 904 3278 nostres
914 3191 1022 3276 sortis.
1060 3190 1157 3255 Plane
1174 3213 1197 3256 a

157 3290 260 3359 verbis
281 3305 315 3355 et
336 3291 492 3356 sententia
504 3293 630 3357 aberrat
651 3293 815 3359 Cruserius
836 3308 963 3358 vertens
983 3293 1195 3380 Adaequomus

156 3389 253 3480 igitur
266 3418 311 3459 eos
325 3392 433 3458 oblitis.
470 3394 575 3482 Atqui
594 3395 772 3480 proximum
789 3399 834 3460 Οὐ
850 3401 908 3481 γὰρ
920 3395 1042 3477 μόνον-
1054 3395 1099 3460 est
1111 3395 1195 3463 illud

156 3494 251 3581 cujus
273 3494 365 3560 obliti
387 3497 507 3576 sumus,
530 3495 615 3560 valet
634 3495 721 3561 eni'rn
741 3493 819 3561 item
833 3501 902 3580 γὰρ,
923 3495 1011 3582 quod
1024 3493 1078 3575 ἔτι,
1093 3496 1128 3562 in
1144 3497 1192 3563 ci·

156 3594 263 3660 tendis
286 3597 365 3661 locis
386 3612 421 3662 et
441 3595 598 3663 sententia
619 3596 815 3684 explicanda,
836 3610 874 3661 ut
895 3597 1064 3663 docuimus
1085 3619 1120 3685 p.
1136 3615 1193 3684 37.

155 3697 200 3762 F:
224 3696 332 3786 itaque
346 3700 451 3765 sensus
472 3698 526 3764 hic
544 3700 605 3764 esse
620 3698 773 3779 videatur,
791 3696 1051 3779 oblitterentur,
1066 3723 1118 3765 nos
1133 3725 1194 3766 nou

142 3799 244 3888 stilum
262 3802 431 3889 pecaniam,
441 3801 504 3890 sed
524 3803 637 3866 omnino
655 3825 752 3866 rerum
766 3802 964 3869 humanarum
982 3801 1100 3867 nullam
1112 3819 1193 3892 ,pro-

151 3903 251 3990 priam
272 3901 422 3990 poffldere.
460 3886 571 3991 Atque
592 3904 654 3968 hae
674 3902 708 3967 in
731 3902 852 3969 ratione
874 3902 1072 3990 acquiescere
1094 3905 1192 3991 poffi-

154 4025 246 4087 mus3
269 4004 323 4069 nili
346 4005 429 4071 forte
448 4027 520 4070 vera
540 4004 636 4071 leuto
657 4004 754 4070 suerit
774 4003 944 4086 -ἐοῖκὰμεν
967 4002 1008 4067 ὅτι
1035 4009 1065 4068 οὐ
1086 4006 1190 4088 μόνως

153 4126 218 4193 quo
232 4105 350 4172 ducere
364 4103 488 4172 videtur
502 4105 603 4173 codex
619 4109 664 4172 D.
679 4107 735 4195 qui
748 4129 806 4193 pro
820 4110 850 4173 ου’
863 4110 922 4195 γᾶς
937 4106 993 4172 dat
1007 4106 1059 4172 ὅτι.

195 4230 229 4294 p.
247 4209 320 4275 116.
342 4208 387 4274 A.
422 4213 470 4274 Τὰ
493 4210 851 4301 χήμης-ἀφαιροῦνται
876 4209 983 4296 πάλιν]
1024 4209 1189 4298 Euripidis
