2692 4770
172 281 256 374 tort·
311 280 348 339 D.
362 281 412 338 W.
433 277 639 340 ANIMADV.
661 278 708 340 IN
729 277 961 341 PLUTARCHI
978 281 1054 340 LlB.

166 441 362 506 eruditiffimi
378 443 580 529 nostrumque
599 441 810 522 studiodffimi,
832 455 865 508 et
887 454 924 506 ut
944 440 997 507 alii
1014 439 1196 507 confidere·

167 541 231 605 tius
252 540 293 606 de
314 543 423 607 nostrie
444 543 763 609 aninudrerlionibus
778 542 972 629 judicarent.
1015 544 1102 607 Nam
1122 543 1195 628 ple·
1261 546 1265 557 '

166 643 276 728 resque
297 644 365 708 illas
387 642 589 730 conjediume
605 645 721 710 subitae
741 658 775 709 et
796 645 886 709 falsae
906 645 1002 708 etiem
1024 643 1140 709 Reilkii
1160 657 1198 709 et

164 747 311 825 aliorum,
326 747 487 813 brevitatis
502 751 616 828 cautla,
632 748 753 814 filentio
769 749 928 834 praeterire
943 748 1091 812 solemur.

199 845 281 921 ‚168.
295 851 333 915 B.
356 856 405 926 Πῆ
431 849 630 937 φαμένῳ]
664 850 911 936 Pythagoricum
939 863 1136 934 preceptum
1160 847 1199 914 in

163 950 273 1014 Aureo
296 950 456 1029 Carmine,
477 952 566 1015 versu
583 967 638 1032 4'2.
673 952 812 1036 Repouit
835 951 1026 1015 Plutarchus
1045 952 1098 1015 De
1121 950 1196 1015 Cu·

163 1044 258 1114 ri'osstr
281 1066 314 1136 p.
332 1065 408 1136 515.
429 1053 473 1115 F:
501 1063 659 1116 memoret
683 1051 848 1138 Diogenes
876 1054 980 1116 laert.
1005 1050 1100 1115 VIII.
1127 1069 1195 1117 aar

164 1150 357 1238 Porphyrius
381 1151 449 1215 Vit.
475 1150 611 1238 Pythag.
635 1153 667 1233 8.
687 1171 751 1231 40:
775 1151 1002 1237 interpretatur
1023 1150 1197 1216 Hierocles

160 1247 194 1313 iu
208 1246 449 1315 Commentario
463 1272 496 1336 p.
511 1268 584 1316 200.
601 1252 744 1315 imitetur
756 1249 908 1315 Aristides
921 1253 960 1316 T.
975 1251 1020 1313 ll.
1039 1271 1072 1335 p.
1091 1250 1165 1316 182.

205 1346 277 1414 168.
293 1349 333 1414 C.
356 1350 526 1436 luerpaeplur]
551 1352 835 1437 aduerſssucceffies,
851 1349 925 1413 mali
939 1362 1072 1414 errentur.
1102 1350 1193 1436 Opp.

159 1444 247 1516 Mor.
273 1470 305 1536 p.
325 1453 399 1535 467.
415 1452 453 1515 E.
476 1467 551 1535 740.
566 1454 610 1516 A.
636 1469 710 1536 741.
725 1456 765 1516 Α.
795 1453 869 1536 784.
886 1452 927 1517 C.
966 1451 1035 1516 Vit.
1058 1469 1135 1537 320.
1152 1453 1193 1517 B.

158 1553 234 1637 588.
251 1552 291 1616 C.
329 1550 534 1617 Contrarium
556 1554 599 1616 est
617 1553 755 1641 dempta,
770 1552 862 1617 bonus
872 1553 1019 1638 succeffiae
1033 1553 1064 1616 iu
1079 1552 1196 1638 primii

158 1654 203 1716 Μ’
220 1651 336 1741 publice
348 1656 432 1742 apud
449 1654 587 1743 populum
602 1667 656 1720 aret
670 1655 831 1743 principem
843 1653 945 1744 gella,
957 1655 1058 1741 fauor
1073 1666 1102 1718 et
1110 1676 1199 1743 gra·-

159 1754 203 1816 tr'e
225 1755 298 1841 ejus,
319 1755 371 1841 qui
393 1774 453 1818 rem
472 1755 569 1842 gtffi'r
588 1757 671 1844 apud
690 1756 769 1836 illos,
792 1758 878 1843 Opp.
895 1754 984 1820 Mor.
1002 1778 1035 1843 p.
1055 1775 1129 1837 104.
1143 1757 1190 1820 D.

157 1840 295 1938 4otirli:
319 1855 373 1920 sed
394 1855 588 1943 exquilitius,
604 1857 747 1944 quamvis
766 1857 905 1945 proprie,
921 1857 991 1920 bene
1008 1856 1085 1920 diem
1100 1869 1189 1922 trau·

148 1958 258 2043 figere.
281 1961 355 2023 686.
372 1960 410 2023 B.
439 1961 491 2023 De
504 1961 599 2025 remo
613 1963 745 2045 ιῦνμερᾶν
758 1957 896 2022 diximus
911 1977 943 2044 p.
956 1958 1008 2040 78.
1025 1958 1065 2021 B.

201 2057 272 2124 1'68.
285 2060 326 2125 C.
340 2061 507 2146 ἁπονώξις]
531 2060 666 2148 repulsae,
675 2059 830 2146 frustrata
835 2061 905 2147 spes
916 2058 1053 2146 propositi
1065 2080 1189 2124 commo·

157 2160 207 2223 dir
234 2160 330 2225 latius
351 2159 448 2225 etiem
469 2175 559 2246 putet
584 2178 679 2246 quem
701 2160 851 2247 δυσημερία
873 2174 907 2226 et
928 2158 1010 2247 saepe
1030 2159 1131 2240 illam,
1151 2175 1192 2230 ut
1236 2212 1240 2217 -

155 2276 259 2348 genus
277 2261 425 2348 speciem,
448 2261 685 2348 mmpledlitur.
722 2261 775 2326 Sic
796 2264 883 2348 Opp.
898 2258 986 2326 Mor.
1008 2282 1041 2347 p.
1057 2278 1134 2348 543.
1151 2265 1187 2328 I'.

156 2378 231 2445 714.
247 2363 285 2426 Ε.
309 2378 384 2448 743.
398 2363 436 2426 B.
471 2363 540 2427 Vrt.
566 2365 696 2430 rao-A.
717 2363 793 2443 408.
809 2364 853 2428 A.
879 2383 973 2445 1024.
989 2364 1030 2429 C.
1055 2366 1186 2450 163.D.

154 2463 297 2526 Verbum
313 2463 517 2547 ἄποτν7χάννιν
531 2461 661 2549 ejusque
674 2463 854 2549 oppositum
870 2465 1075 2549 ἐπιτυγχάνειν,
1094 2464 1188 2528 inde-

155 2584 218 2649 que
231 2576 301 2628 orta
316 2563 447 2627 nomine
460 2562 534 2629 alibi
548 2562 848 2628 animadvertemus.
876 2566 976 2629 Nunc
990 2566 1021 2631 J.
1034 2568 1188 2653 Uptonus

154 2663 363 2749 cognoscatur
377 2663 408 2725 io
425 2662 537 2727 Indice
551 2662 689 2747 Epieiet.
705 2686 774 2727 voe.
790 2663 946 2748 Τυγχᾶνω.

200 2763 271 2825 168.
287 2761 327 2825 C.
349 2760 463 2848 many«)
476 2764 542 2846 θεὲ]
569 2764 616 2825 Ex
630 2761 795 2825 communi
811 2760 947 2846 quodam
965 2762 1054 2825 fonte
1070 2761 1187 2827 Cicero

153 2863 246 2928 Tusc.
264 2864 325 2925 lll.
342 2881 401 2947 29:
428 2864 547 2925 Accedit
557 2861 725 2950 superstitio
741 2862 891 2925 muliebris
905 2863 1063 2949 quadam:
1086 2862 1186 2949 existi·

153 2972 237 3027 mant
257 2963 344 3040 enim,
360 2964 418 3025 diis
438 2963 649 3026 immortalibus
661 2965 698 3049 se
709 2961 840 3048 fhcr'lius
851 2956 1077 3049 satisfattur'cs,
1089 2964 1125 3048 ſs
1135 2987 1185 3026 eo·

152 3089 218 3127 rum
238 3063 332 3150 plaga
350 3064 485 3148 perculfi,
500 3063 633 3148 afflictor
640 3065 678 3151 se
693 3076 720 3125 et
731 3061 844 3147 stratos
854 3061 1030 3147 fateantur.
1054 3062 1185 3148 Sopho·

153 3167 217 3231 cles
232 3182 284 3251 ap.
295 3165 467 3251 Theophil.
482 3166 522 3228 ad
537 3165 691 3253 Autolyc.
709 3167 752 3229 Il.
769 3186 802 3249 p.
817 3184 889 3229 110.
904 3165 983 3229 edit.
998 3165 1103 3231 Wolf.
1119 3170 1186 3230 Oet

153 3272 180 3334 di
193 3273 309 3355 πληγὴν
323 3273 377 3354 οὐχ
391 3270 528 3354 ὕπεςπηὸᾄ
540 3267 645 3352 βροτός.

199 3373 269 3435 168.
286 3370 328 3434 C.
350 3365 510 3455 egredere>
522 3367 670 3452 deripuere]
694 3365 845 3433 Diximus
860 3388 893 3453 p.
904 3387 958 3452 43.
974 3369 1019 3432 D.

198 3473 269 3536 168.
284 3472 324 3534 C.
346 3470 508 3554 θεομαχεῖν]
536 3467 723 3531 Plutarchus
737 3467 983 3554 Apophthegm.
1000 3487 1033 3551 p.
1051 3481 1124 3550 225.
1141 3467 1183 3530 C.

153 3573 309 3642 Marcello
321 3588 396 3656 307.
410 3571 452 3633 A.
489 3567 669 3632 Menander
688 3591 740 3655 ap.
756 3570 847 3634 Stob.
872 3591 905 3654 p.
920 3587 996 3653 570.
1012 3572 1061 3645 Μὴ
1075 3568 1183 3649 θεομά-

97 3715 98 3718 =
149 3706 210 3765 χει,
225 3676 292 3758 μηδὲ
305 3673 436 3760 προσάγω
450 3677 490 3756 τῷ
504 3671 659 3755 πράγματι
674 3675 816 3753 Χειμῶνας
831 3669 934 3755 tripes,
949 3671 1010 3743 τοὺς
1025 3670 1184 3753 ἀναγκαίας

151 3781 225 3868 φέρε.
263 3775 377 3839 Cicero
399 3774 491 3838 Tusc.
515 3774 576 3836 Ill.
598 3789 660 3856 25:
690 3770 836 3857 neceffltas
851 3771 995 3858 serenda
1012 3771 1185 3835 conditionis

151 3884 301 3956 humarrae,
325 3875 409 3963 quast
424 3898 488 3937 cum
507 3874 572 3937 Deo
591 3889 728 3960 pugnare
745 3872 892 3959 prohibet,
916 3873 1107 3958 admonetque
1128 3874 1185 3957 effe

151 3981 303 4048 bominem.
344 3975 474 4040 Plautus
497 3975 586 4039 Persa
600 3976 626 4038 l.
645 3994 674 4038 1.
693 3976 751 4038 26:
778 3973 862 4058 Quid
874 3997 941 4059 ergo
952 3973 1073 4059 faciam
1089 3973 1183 4058 Dtsire

150 4083 322 4172 adversm?
337 4078 427 4166 ¹quast
441 4077 543 4141 Titani
560 4100 629 4139 aum
649 4077 706 4139 Do
725 4073 904 4161 belligerem,
925 4075 1043 4172 :Quibus
1054 4077 1110 4158 sat
1128 4077 1184 4160 effe

150 4210 208 4253 nen
222 4183 356 4275 queam?
378 4179 471 4245 Plura
491 4178 570 4242 dant
589 4180 620 4243 J.
636 4178 788 4263 Uptonus
809 4175 849 4239 ad
872 4175 1011 4262 Epiuet.
1035 4176 1179 4240 lndicem
