2692 4770
294 305 498 371 ΑΡοΡΗΤΗ.
511 296 735 374 Lacthch.
750 282 1038 389 panau-nnnc.
1107 316 1186 383 ειη

199 486 274 555 223.
290 471 325 537 F.
348 469 405 558 ab]
438 471 593 560 legimur
615 472 709 562 supra
731 496 766 562 p.
781 474 856 543 218.
875 473 916 539 C.
938 472 972 539 in
997 462 1187 538 Archidami

157 570 202 635 ll.
221 571 326 653 dictis,
347 575 389 662 γ.
428 577 466 642 ln
480 579 637 660 ψωμοποιός
649 600 762 644 omnen
775 576 848 643 libri
867 576 1071 643 consentiunt
1083 596 1187 641 exce·

153 687 214 761 pto
226 677 268 742 Τ.
282 681 421 746 etMea.
437 682 493 769 qui
507 682 594 749 recte
608 683 755 767 ζωμοποιδς
768 681 889 747 ferunt.
919 678 1083 746 Notuaest
1101 679 1188 762 ζομδς
1269 746 1272 753 .

153 775 245 860 piam
261 782 440 849 laconum.

197 901 232 967 p.
248 900 322 964 224.
337 884 381 949 Α.
404 882 467 971 052]
498 886 650 951 Sumtum
671 907 712 952 ex
733 883 903 951 Herodoto
926 884 990 948 lll.
1007 883 1096 965 '1482
1130 881 1187 948 ubi

153 981 335 1068 Μαιάνδριος,
356 999 390 1048 et
409 984 486 1049 alibi
505 987 695 1067 constanter,
712 987 758 1051 ita
775 983 933 1050 scribitur.
968 984 1029 1049 Pro
1048 984 1188 1071 χρῆμπιι

152 1083 186 1150 J·
208 1085 328 1150 Venet.
354 1087 447 1152 Harl.
472 1087 676 1176 dautxpdcta
697 1090 745 1154 aad
765 1086 892 1177 dgyu'pca
911 1085 1077 1171 ὖκπῶματα·
1100 1083 1188 1174 quod

153 1185 346 1272 magianum
361 1189 532 1256 Herodoto
546 1191 706 1257 convenit.

95 1287 98 1291 ’
196 1306 271 1370 224.
292 1290 332 1355 Β.
363 1290 423 1378 ιη’.]
455 1295 608 1381 Lycurgo
631 1291 784 1359 tribuitur
807 1289 985 1357 institutum
1008 1310 1042 1377 p.
1059 1289 1134 1358 228.
1149 1290 1186 1354 F.

153 1387 213 1454 ad.
250 1390 377 1457 Notant
395 1392 533 1481 Cragiua
554 1395 686 1476 111.14.
712 1415 746 1480 p.
762 1394 838 1480 367.
875 1388 1033 1457 Meurfiua
1047 1391 1186 1457 Miscell.

153 1490 276 1557 lacon.
300 1493 394 1557 11.1.
415 1515 449 1581 p.
465 1514 530 1581 90:
554 1495 608 1560 sed
629 1517 679 1560 rea
701 1494 799 1560 babet
819 1492 1067 1573 dubitationem,
1089 1493 1186 1580 liqui·

152 1592 229 1658 dem
251 1607 364 1660 contra
385 1595 518 1662 subinde
531 1598 720 1684 usurpatum
740 1596 872 1662 constat.
910 1598 1005 1661 Forte
1026 1595 1127 1660 valuit
1145 1594 1187 1662 ad

153 1717 292 1762 errorem
310 1697 527 1778 Proverbium‚
547 1699 635 1786 quod
655 1698 785 1787 viguill'e
806 1698 933 1763 videtur
954 1720 993 1763 ex
1014 1696 1188 1763 Plutarcho

153 1799 187 1866 in
202 1800 337 1867 AEmilio
354 1802 450 1868 Paulo
465 1824 498 1889 p.
512 1804 644 1889 265.B=
665 1803 903 1892 Ἡςακλιῖθόαν,
914 1805 991 1868 δειλὰ
1003 1807 1081 1891 παρὰ
1095 1805 1189 1867 δειλῶν

152 1901 356 1990 noom-
1276 1910 1278 1914 ¹

198 2020 273 2084 224.
288 2004 327 2068 Β.
357 2006 650 2075 ΚΛΕΟΜΕΝΟΎΣ
676 2009 760 2071 wi*
783 2007 1121 2092 KAEOMBPOEONJ
1156 2007 1188 2072 lr

154 2102 248 2192 cujus
266 2104 377 2170 Vrtam
400 2105 590 2172 Plutarchus
606 2106 807 2196 conscriplitr
831 2106 973 2173 Meurtio
988 2109 1091 2195 Regu.
1108 2109 1187 2173 Ine.

154 2206 248 2271 XIV.
264 2227 298 2292 p.
309 2208 364 2292 67.
385 2208 520 2274 Dimum
535 2209 628 2295 supra
640 2208 761 2275 lcitum
776 2208 957 2276 notavimus
971 2229 1005 2296 p.
1020 2229 1092 2296 191.
1105 2211 1144 2277 E.

197 2327 273 2390 224.
289 2308 330 2376 C.
351 2313 574 2397 ΛΑΒΩΊῸΥ.]
606 2313 674 2378 Rex
694 2311 981 2399 antiquiffimorum
1003 2325 1189 2398 tempomm

154 2410 317 2476 Larcbero
336 2411 468 2498 ponitur
481 2427 556 2478 ante
571 2413 707 2478 nostram
728 2435 823 2477 aeram
839 2432 897 2498 103
899 2430 920 2497 5
933 2436 942 2476 z
972 2413 1113 2478 Meurfio
1127 2434 1188 2479 no··

152 2525 241 2578 tatus
259 2514 360 2600 Regu.
376 2515 454 2578 Lac.
470 2515 531 2579 IX.
547 2535 580 2600 p.
591 2516 646 2595 46.
681 2515 814 2581 Didium
827 2529 1022 2603 argumento
1038 2515 1188 2582 convenit

153 2635 230 2680 cum
245 2614 301 2680 illo
315 2614 453 2703 Agesilai
466 2615 509 2701 γ’.
525 2636 558 2702 p.
577 2617 650 2684 208.
668 2616 709 2682 C.

197 2735 271 2797 224.
287 2716 328 2781 C.
359 2718 658 2803 Aml'rxlwn]
693 2713 876 2803 Λιωινχὶδας
899 2720 913 2780 l
937 2723 1050 2803 πρῶτος
1071 2713 1144 2802 quir
1169 2736 1190 2780 a

153 2819 258 2885 nostro
278 2818 438 2907 Scriptore
452 2819 589 2900 dicatur,
604 2842 669 2884 non
688 2832 830 2906 apparet.
867 2820 982 2884 Naml
1000 2826 1114 2907 agnitos
1133 2840 1187 2883 va·

152 2923 218 2989 lere
232 2922 340 3004 debet,
355 2938 390 2990 et
404 2923 501 3012 vulgo
515 2923 645 3011 quidem
659 2922 755 3002 valet,
769 2921 811 2989 ad
823 2921 970 2989 ordinem
984 2935 1018 2986 et
1030 2921 1140 2986 locum
1154 2919 1188 2987 in

153 3025 283 3113 Regum
304 3027 381 3092 serie
403 3016 655 3114 fignificandum'.
692 3023 795 3112 Atqui
813 3023 846 3090 in
869 3023 1010 3112 Regibus
1024 3022 1189 3112 Spartanis

152 3148 238 3193 unua
253 3127 354 3194 fertur
367 3127 596 3216 Ieotychidee,
611 3125 639 3191 ia
655 3126 712 3214 qui
733 3127 945 3193 Demaratum
959 3124 1081 3212 expulit
1094 3123 1189 3212 eique

153 3227 317 3295 succeffit:
341 3230 398 3316 qui
416 3229 596 3295 recensetur
610 3229 749 3294 Meursro
765 3230 869 3316 Regu.
884 3227 1004 3293 Laced.
1020 3227 1133 3292 xvir.
1153 3247 1187 3315 p.

151 3332 207 3417 78.
245 3332 407 3398 [archero
428 3333 452 3398 1.
475 3333 498 3397 l.
521 3353 555 3419 p.
575 3351 660 3417 505³
684 3332 725 3397 ab
747 3329 918 3397 Herodoto
940 3331 1002 3396 Vl.
1024 3331 1077 3414 65.
1104 3327 1190 3394 filiun

152 3433 296 3498 rimaris
309 3431 447 3499 dicitur:
471 3454 491 3497 a
510 3433 614 3499 nostro
628 3431 791 3519 Scriptore
804 3428 1125 3519 proximeexhibinn
1137 3431 1189 3496 A·

153 3533 269 3621 nstonis
283 3533 367 3600 filius
381 3533 646 3622 cognominatum
670 3554 746 3598 narn
763 3533 907 3599 adhunc
921 3531 1068 3620 proxima
1080 3530 1191 3599 referri
1242 3565 1246 3575 ·

154 3634 250 3718 dicta,
268 3635 365 3702 etiam
385 3634 509 3701 mentio
530 3633 707 3700 inimicitiae
726 3632 930 3700 familiarium
950 3632 1116 3700 Demarati
1136 3655 1190 3700 ar·

154 3739 239 3824 guit.
291 3741 334 3803 Et
356 3750 465 3803 tamen
487 3735 554 3824 ipse
573 3735 761 3802 Plutarchus
781 3734 815 3803 iu
838 3736 991 3824 Lycurgo
1011 3733 1190 3824 Λωηχῐὴν

152 3842 200 3904 τὸν
219 3838 408 3928 πρεσὸύτερον
428 3854 469 3904 ut
489 3837 775 3928 apophthegmatis
795 3835 931 3925 alicujus
951 3837 1118 3905 auctorem
1138 3836 1191 3902 ci-

142 3954 203 4006 ·tat
224 3963 257 4029 p.
274 3960 330 4027 47.
351 3942 399 4008 Cz
426 3964 524 4030 quem
546 3939 719 4029 Apopbth.
741 3941 862 4005 lacon.
883 3961 919 4029 p.
941 3954 1015 4025 227.
1033 3938 1074 4006 C.
1096 3953 1191 4006 vocat

154 4040 333 4130 Λεωτυχίδην
352 4044 399 4106 tir
415 4050 530 4132 πρῶτον
543 4039 681 4123 βασιλέα.
718 4037 824 4128 Igitur
835 4052 961 4127 putem,
972 4037 1071 4111 ‚fulffe
1089 4037 1189 4106 histo·

155 4141 252 4222 ricoa,
267 4142 323 4229 qui
338 4142 370 4207 in
387 4143 527 4231 Regibus
543 4141 707 4230 Spartanis
720 4151 839 4230 praeter
851 4140 939 4207 bunc
954 4140 1190 4230 leotychidem

156 4242 324 4333 majorem,
344 4244 481 4314 alterum
503 4258 718 4314 memorarent
738 4241 971 4333 laotycbidem
989 4242 1106 4332 Agidi·
1127 4243 1189 4311 lili-
