2692 4770
66 311 69 315 ’
149 317 209 370 ιιι
338 308 668 371 1).w.AN1MADv.
689 305 735 370 ΙΝ
751 288 989 370 <ptumum

150 469 342 556 empostae
354 471 433 536 intur
440 473 498 559 stt,
512 493 592 561 puer
602 462 831 560 Cephisophon
845 467 1012 558 respondet
1026 489 1089 533 ιιιιιι
1104 464 1188 528 intur

153 581 182 636 es
194 595 252 638 κοκ
266 572 347 638 inlus
360 574 424 660 effi.

520 670 666 740 Δ.Ἕνδον
679 677 717 751 ὃς)
732 674 897 763 Εὐριπιδηςς

279 770 321 841 K.
334 777 401 842 Ota
414 776 494 858 ἔνδον,
510 778 579 842 ἔνδον
592 778 658 858 icis,
673 782 695 841 al
710 777 820 863 γνώμην
835 776 918 861 ἴχας·

280 884 320 943 Δ.
336 884 404 954 Πῶς
418 880 498 960 ἔνδον,
513 879 560 944 εἶτ’
575 881 612 944 ἐκ
626 879 694 945 ἔνδον
699 904 710 960 3
734 884 775 943 K.
788 881 910 964 Ὀρθῶς,
924 872 947 941 οδ
959 874 1050 964 γε’ρον·

336 981 375 1045 ‘0
389 989 447 1056 νοῦς
458 982 509 1063 μὲν
523 980 574 1060 ἔξω
587 978 734 1064 τνλλδγοον
747 980 866 1044 ἐπύλλια

337 1085 401 1145 Οὐκ
417 1078 495 1145 ἔνδον·
518 1081 635 1156 αι’ντδςδ
650 1079 718 1145 ἔνδον
732 1077 958 1158 assederam?

336 1181 515 1272 Τραγῳδίαι.

155 1268 244 1349 Huic
266 1283 421 1369 persimile
442 1283 523 1350 illud
547 1284 689 1351 Philonis
712 1283 794 1373 Quis
816 1286 890 1350 Rer.
916 1283 991 1350 Div.
1014 1283 1128 1347 Haeres
1151 1300 1186 1367 p.

152 1405 228 1471 492.
243 1387 290 1450 B:
313 1383 391 1463 δοῦκ
405 1384 439 1452 cis
452 1385 562 1468 εἴποιτε,
576 1389 622 1451 τδν
638 1388 689 1469 μὶν
709 1387 811 1451 τίλαον
824 1386 970 1474 ἀρχιερέα,
985 1384 1064 1448 δτδτι
1086 1387 1113 1448 iv
1130 1387 1188 1458 τοῖς

151 1486 258 1561 ἀδύτοις
271 1491 322 1561 τοὶς
337 1488 463 1574 carpta
476 1487 601 1573 οἱγιςεὶας
617 1493 746 1568 sarrensi,
762 1488 830 1552 selas
844 1488 909 1566 rim
922 1514 953 1551 τε
967 1485 1014 1566 καὶ
1033 1485 1093 1564 ἔξω·
1119 1483 1188 1548 ἔνδον

152 1588 204 1670 μὲν
218 1593 259 1674 τῷ
272 1594 376 1676 φανερῷ
387 1589 512 1672 σώματι,
528 1588 579 1667 ἷξον
592 1590 619 1653 δὲ
633 1592 715 1677 ψυχῇ
728 1596 761 1677 τῇ
774 1588 926 1675 περιροῖτρ
939 1589 961 1675 ιδ
975 1585 1187 1674 οτιτλανημίνς.

153 1716 185 1754 κ.
196 1716 225 1753 τ.
240 1704 272 1753 λ.
317 1690 452 1756 Fortasse
468 1691 541 1756 sana
561 1691 605 1756 est
624 1691 790 1778 scriptura,
806 1706 844 1757 ut
857 1690 950 1754 Indus
964 1711 1068 1778 genus
1089 1688 1191 1753 suerit

153 1789 382 1879 Sophismatis=
405 1791 454 1857 vel
467 1815 507 1857 ex
519 1792 730 1880 ambiguitate
746 1790 885 1858 nominis
901 1791 971 1855 Indi
984 1789 1116 1856 fluvium
1131 1789 1188 1853 sn-

109 1968 112 1979 ·
153 1891 237 1973 dum,
255 1904 290 1957 et
306 1891 472 1958 hominem
492 1891 602 1958 Indum
622 1893 785 1960 notantis:
814 1892 863 1957 vel
881 1892 959 1957 item
980 1886 1020 1956 'ex
1036 1899 1188 1956 commu·

153 1992 250 2086 nione
263 1991 402 2059 nominis
424 1994 507 2060 inter
524 1994 606 2061 duos
622 1994 734 2060 fluvios
751 1993 861 2074 Indos,
877 1992 1013 2058 alterum
1027 1991 1189 2059 celebrem

152 2093 257 2175 illum,
271 2093 408 2160 alterum
429 2096 600 2161 obscurum
620 2096 723 2161 Cariae
738 2097 881 2175 fluvium,
898 2094 938 2159 de
951 2117 1017 2182 quo
1029 2091 1189 2159 Ekhelius

139 2195 187 2262 ‘in
201 2196 354 2262 Nummie
367 2198 530 2263 Anecdot.
546 2218 579 2284 p.
596 2216 669 2283 213.
684 2197 823 2284 indeque
839 2197 1037 2262 nominatam
1051 2196 1189 2261 Indicam

152 2296 319 2386 regionem
333 2298 458 2364 Cariae:
482 2298 531 2363 vel
551 2314 662 2364 natum
680 2320 719 2364 ex
735 2299 853 2377 sabula,
872 2299 975 2385 qualis
989 2299 1032 2363 est
1046 2319 1096 2377 ea,
1112 2320 1188 2384 quse

100 2410 105 2420 '
153 2420 230 2466 eum
256 2400 407 2488 AEsopics
430 2400 471 2466 de
495 2404 607 2488 Epope
631 2401 740 2466 sabula
764 2414 889 2466 narrata
909 2401 943 2465 in
966 2399 1189 2487 Aristophanis

150 2501 275 2569 Avibus
284 2519 360 2587 471.
375 2517 578 2591 comparatur
588 2504 629 2567 ab
641 2503 770 2568 AEliano
781 2505 832 2568 De
845 2505 924 2569 Nat.
936 2502 1078 2567 Animal.
1091 2503 1185 2568 XVI.

151 2619 185 2690 5.
208 2602 347 2670 addente
364 2603 447 2668 ἔοικεν
465 2603 509 2668 οὖν
523 2607 553 2682 ἐξ
569 2606 657 2668 Ἰνδῶν
671 2608 702 2668 ri
715 2605 904 2690 μυθολόγημα
920 2608 958 2666 ἔτ’
974 2603 1052 2667 ἄλλοι
1067 2604 1119 2687 μὶν
1138 2603 1189 2692 ὅρ-

151 2711 236 2787 νιθος,
254 2709 407 2795 hippurim
421 2709 443 2770 δ’
457 2707 501 2771 οὖν
514 2705 561 2788 aa}
572 2711 629 2782 τοῖς
635 2705 772 2786 Ἕλλησι·
796 2707 846 2772 vel
859 2729 898 2771 ex
912 2706 1074 2793 AEsopica,
1087 2729 1186 2793 quam

150 2808 248 2874 refert
257 2807 448 2874 'l'hemislius
462 2811 519 2876 Or.
534 2811 680 2874 XXXII.
695 2834 728 2898 p.
740 2826 815 2896 359.
827 2811 865 2874 B.
880 2809 920 2873 de
934 2810 1025 2888 herc,
1039 2808 1095 2894 qui
1110 2809 1189 2875 servi
1232 2829 1233 2832 ’

151 2912 224 2975 Indi
238 2925 343 2976 atrum
363 2912 505 2977 colorem
523 2913 629 2977 eluere
650 2913 788 2978 studuit:
811 2936 883 3000 quae
903 2913 1011 2977 fabula
1026 2913 1057 2976 in
1072 2912 1186 3000 vulga-

150 3013 193 3079 tis
217 3012 409 3078 editionibus
435 3015 479 3077 est
504 3016 640 3079 LXXV.
664 3037 723 3101 pro
748 3014 823 3079 Indo
848 3037 969 3101 ponens
992 3015 1186 3102 AEtbiopem3

149 3113 237 3179 unde
262 3114 462 3178 Proverbium
486 3115 659 3202 AEthiopem
685 3114 804 3197 lavare,
828 3116 869 3181 de
892 3139 958 3202 quo
979 3117 1127 3182 Erasmus
1151 3138 1188 3203 p.

150 3220 225 3305 789.
265 3215 427 3280 Caeterum
443 3217 569 3281 ἀναλύειν
579 3216 775 3306 ffllogismos,
788 3217 918 3303 solvere,
938 3218 1096 3305 explicare,
1120 3219 1185 3283 fre·

150 3341 253 3407 quens
272 3319 315 3384 est
335 3317 367 3381 in
387 3316 640 3384 Dialetlicorum
662 3320 778 3385 scholis
795 3319 913 3384 dictio:
937 3321 976 3384 fic
998 3320 1187 3385 Plutarchus

151 3423 237 3510 Opp.
260 3423 350 3486 Mor.
374 3442 408 3506 p.
429 3437 502 3506 743.
523 3423 566 3487 D.
598 3439 672 3507 777.
693 3424 731 3489 B.
761 3423 888 3507 788.B.
920 3423 1014 3507 1058.
1031 3422 1071 3486 C.
1094 3423 1187 3510 plura

151 3525 304 3611 Uptonus
319 3523 352 3586 in
369 3522 478 3588 lndice
495 3523 645 3608 epieteti.

194 3645 268 3711 133.
285 3627 324 3690 B.
347 3623 518 3709 διαλίγεθαρ
533 3628 592 3711 τερδ
610 3632 647 3689 τῦ
664 3624 853 3713 κυριεύοντοςι]
881 3623 988 3712 Hujus
1007 3624 1186 3714 syllogismi

151 3726 285 3792 subinde
304 3727 340 3790 fit
361 3726 494 3792 mentio.
535 3726 722 3795 Plutarchus
743 3727 776 3792 in
796 3727 884 3793 fimili
901 3741 1091 3814 argumento
1113 3750 1184 3793 ver·

150 3831 232 3907 sans,
252 3827 321 3915 ejus
343 3827 606 3916 disceptationem
630 3852 649 3893 a
673 3829 887 3894 convivalibus
908 3829 1106 3894 sermonibus
1128 3851 1184 3895 ex·

150 3931 253 3999 cludit
266 3929 411 4018 Sympos·
426 3932 455 3994 l.
474 3951 503 3995 1.
519 3953 552 4018 p.
563 3933 639 4015 615.
652 3932 704 3995 A:
729 3930 823 4016 ἔμοιγε
843 3931 987 4005 πολλάκις
1003 3935 1081 3993 εἰπεῖν
1099 3958 1183 4018 παρ-

149 4034 196 4112 ίςη
208 4035 273 4122 τρδς
285 4032 347 4106 τοὺς
361 4031 491 4106 ἕλκοντας
506 4038 541 4109 εἷς
556 4037 593 4096 τοὶ
608 4033 751 4115 τνμτὸτια
764 4035 810 4097 τδν
824 4033 991 4119 κυριεύοντα,
1008 4029 1029 4096 oi
1044 4031 1184 4122 ἄνθρωπε,

147 4134 177 4198 rl
190 4141 281 4198 ταῦτα
299 4133 371 4217 arpis
384 4133 430 4195 τδν
443 4133 593 4214 Διόνυσονς
616 4132 701 4197 Adv.
716 4134 841 4199 Stoicos
858 4157 890 4220 p.
909 4153 1002 4218 1070.
1019 4135 1068 4199 C:
1090 4135 1184 4224 οδοτερ

149 4239 185 4312 εἷς
199 4237 246 4300 τδν
261 4236 420 4318 ψευδόμενον
439 4234 454 4313 ἢ
475 4238 521 4303 ris
535 4235 692 4321 κυριεύοντα
709 4236 784 4329 perol
804 4243 852 4313 τῆς
874 4241 1046 4315 διαλεκτικῆς
1067 4238 1180 4321 ipsos).-
