2692 4770
169 240 173 371 f
227 295 309 348 roro
377 289 472 349 nw.
493 289 699 351 mutue.
718 287 766 350 ut
787 289 1107 373 ruminentur.

231 464 338 516 metur
348 450 492 515 -Μόνον
515 451 545 516 ri
556 459 636 516 τοῦτο
649 453 805 527 πολυτελὲς
820 457 915 537 σαυτῷ
933 456 1042 529 morin
1063 453 1181 516 Juvant
1196 444 1256 511 uli-

223 550 310 637 ·quid
325 551 475 622 codices:
495 554 517 640 r}
532 553 687 619 omittunt
704 553 830 643 Colleg.
851 555 936 618 Nov.
952 551 1056 617 Molc.
1074 572 1104 615 1.
1115 569 1146 616 2.
1162 547 1257 614 Harl.

232 649 310 717 Ald.
324 653 394 718 Bas.
409 652 486 741 Xyl.
501 667 535 719 et
548 675 606 739 pro
620 662 728 740 σεαυτῷ
741 654 796 718 dat
810 657 854 720 D.
870 659 956 739 αὐτῷ.

276 755 349 816 166.
364 754 402 817 B.
424 755 470 818 τὸν
482 752 560 818 ὕπνον
572 761 596 818 οἱ
610 755 830 841 θεοὶ-δυσοικ]
857 755 944 819 Hinc
959 751 1092 818 Grotius
1105 750 1212 814 sumlit
1225 749 1258 814 in

226 853 384 939 ‘Excerph
405 845 501 947 Trag.
525 859 641 927 Incert.
663 879 696 943 p.
711 859 785 941 465.
807 859 853 920 riv
873 861 931 942 γὰρ
949 853 1027 918 levor
1047 858 1071 916 ol
1089 852 1148 916 uzol
1165 852 1260 928 Λῆθὶἲ

232 963 326 1018 κακῶν
341 954 498 1019 ἔδωκανμ-
517 978 700 1043 perperam:
717 957 789 1021 lunt
803 957 888 1021 enim
908 955 1001 1042 ipsius
1020 955 1114 1019 verba
1135 952 1259 1019 Plutar-

224 1053 297 1120 chi.
333 1056 438 1137 Hanc,
451 1057 672 1126 Plutareheam
690 1056 940 1127 admonitionem
961 1067 1140 1141 opportune
1160 1050 1259 1118 Devi-

224 1154 294 1220 '-fius
316 1156 454 1221 contulit
475 1179 550 1223 cum
573 1157 737 1223 Ciceronis
757 1155 933 1244 graviffimo
954 1155 1028 1220 loco
1048 1153 1190 1220 Divinat.
1213 1153 1259 1216 Η.

226 1272 294 1341 72:
328 1254 650 1344 Perfugium‘videtur
671 1257 949 1332 omnircmlabomm
978 1268 1006 1320 et
1026 1253 1261 1343 sollicitudinum

231 1360 286 1445 effi
288 1360 425 1445 somnus:
441 1372 473 1422 at
487 1384 523 1423 ex
535 1384 565 1424 eo
577 1360 634 1448 ipso
644 1357 785 1446 plurima
796 1359 1035 1446 curandosque
1047 1357 1258 1445 casm.

162 1545 165 1550 Ι
227 1459 297 1524 Sed
312 1472 400 1524 totus
415 1458 447 1523 in
462 1459 528 1545 ipso
543 1459 626 1524 libro
640 1460 730 1525 locus
743 1452 897 1546 legendus
911 1458 965 1524 est.

275 1562 350 1624 166.
367 1559 407 1624 C.
428 1552 623 1644 Ἡρὶίκλατος]
648 1558 740 1624 Licet
754 1582 819 1624 non
839 1559 913 1624 alibi
928 1558 1053 1646 prodita
1066 1557 1175 1622 iisdem
1190 1578 1258 1620 uer-

222 1660 281 1726 ·bis
302 1660 466 1738 sententie,
492 1654 598 1724 tamen
621 1660 715 1747 plane
736 1661 885 1749 eongmit
910 1659 1104 1727 Heracliteae
1131 1658 1257 1736 rationi,

232 1784 330 1850 quarn
357 1761 498 1848 prodidit
519 1763 634 1827 Sextus
655 1761 834 1849 Empiricus
856 1761 941 1829 Adv.
965 1762 1162 1831 Mathemat.
1180 1761 1257 1825 vu.

236 1879 308 1948 127.
324 1864 410 1950 sequ.
432 1877 467 1928 et
488 1885 547 1929 nos
567 1863 735 1951 attigimus
752 1861 793 1928 ed
813 1863 975 1929 Plutarchi
986 1863 1113 1951 ¹Quarti.
1134 1860 1213 1927 Plnt.
1227 1862 1255 1925 1.

278 2065 401 2130 166.-c.
416 2064 833 2152 Πολυκράτης-Πιρίανδρος.]
859 2067 1003 2151 Uterque
1016 2065 1180 2130 literarum
1195 2065 1257 2129 stu-

222 2167 350 2247 diosus,
372 2167 479 2232 minus
498 2159 608 2232 tamen
629 2187 706 2253 erga
727 2165 799 2231 suos
818 2167 971 2246 clemens,
990 2179 1026 2231 et
1044 2166 1182 2233 crudelis
1198 2187 1258 2252 po·

233 2265 310 2345 tius,
338 2267 538 2352 perhibetur3
565 2267 665 2355 igitur
685 2281 719 2332 et
735 2266 799 2330 hoc
818 2266 959 2345 nomine,
981 2280 1017 2330 et
1036 2280 1074 2330 ut
1092 2279 1258 2354 tyrannus,

224 2365 341 2454 potuit
362 2365 471 2455 φοόιςὸς
491 2366 566 2432 dici.
609 2370 661 2433 De
687 2366 854 2431 Periandro
877 2365 1025 2445 vidimus,
1052 2379 1086 2431 et
1111 2367 1258 2453 qutedeur

233 2468 423 2549 notavimus,
445 2468 487 2534 ad
507 2470 584 2533 VII.
604 2469 678 2555 Sap.
696 2468 798 2533 Conv.
831 2469 873 2532 In
899 2466 1073 2554 Polycratis
1094 2469 1259 2533 mentione

234 2570 358 2635 fortaffe
384 2569 569 2635 Plutarchus
590 2569 742 2656 cogitavit
763 2569 803 2632 de
827 2567 1016 2655 Pythagora,
1030 2568 1085 2653 qui
1102 2568 1186 2632 illius
1206 2569 1258 2634 fu·

232 2672 342 2759 giendi
355 2673 457 2737 caulla
472 2672 605 2758 patriam
621 2673 752 2735 Samum
765 2669 920 2755 reliquilse
934 2671 1050 2733 fertur:
1067 2669 1162 2736 veluti
1174 2671 1260 2756 apud

224 2768 382 2838 Ovidium
412 2776 496 2837 Met.
523 2775 597 2837 XV.
621 2772 684 2836 602
718 2773 907 2837 Strabonem
935 2772 1027 2834 XIV.
1056 2793 1089 2857 p.
1111 2791 1186 2858 945.
1208 2774 1257 2837 C:

234 2875 416 2961 Diogenem
439 2877 544 2937 Laert.
567 2873 660 2936 VIII.
686 2892 718 2956 3.
762 2864 969 2958 Porphyrium
993 2871 1063 2937 Vit.
1089 2874 1122 2937 P.
1145 2895 1177 2959 9.
1200 2878 1258 2939 16:

234 2974 449 3040 Jamblichurn
467 2975 532 3038 Vit.
554 2973 831 3060 Pythag.10.'88:
855 2973 940 3058 quod
960 2995 1024 3036 non
1045 2972 1188 3037 absolute
1210 2997 1259 3039 re-

235 3090 358 3162 pugnat
383 3097 494 3139 eorum
522 3074 677 3160 opinioni,
700 3073 754 3160 qui
777 3097 850 3137 eum
874 3097 930 3160 per
952 3075 1057 3139 literas
1078 3076 1218 3140 Amafidi
1242 3099 1261 3139 a

236 3177 400 3265 Polycrate
419 3175 680 3241 commendatum
704 3175 792 3239 fuille
818 3175 948 3253 volunt3
970 3176 1138 3262 inquibus
1160 3178 1262 3242 fertur

234 3277 416 3364 Antiphon,
436 3278 552 3341 citatus
574 3275 713 3362 Diogeni
736 3275 862 3340 Laertio
877 3276 901 3340 l.
915 3277 939 3340 l.
955 3290 987 3340 et
1009 3277 1183 3364 Porphyrio
1199 3277 1261 3342 ibi·
1297 3357 1299 3359 ι

234 3380 307 3444 dem
323 3382 354 3463 ξ.
371 3397 402 3462 7.

279 3483 351 3545 166.
365 3481 411 3545 D.
439 3486 498 3542 orsi
518 3485 644 3564 μεταςῇ;
669 3487 729 3545 ποῦ
751 3481 859 3565 φυγῇ;]
890 3479 1086 3543 Sententiam
1111 3478 1261 3545 finrilibus

234 3583 370 3648 aliorum
392 3581 483 3646 dietis
504 3579 722 3645 illustravimus
743 3579 784 3643 ad
808 3583 876 3644 Ser.
898 3582 1000 3643 Num.
1015 3579 1112 3646 Vind.
1135 3602 1168 3666 p.
1184 3600 1261 3666 554.

145 3845 163 3857 .,
281 3788 352 3850 166.
367 3788 411 3851 D.
436 3785 474 3858 ἔςι
492 3785 514 3870 ’d
537 3782 637 3857 δούλοις
659 3784 736 3865 νόμος
757 3782 910 3867 ἐλευθερίαν
928 3788 1078 3866 ἀπογνέσι,
1092 3790 1200 3871 apciora
1215 3790 1262 3857 ci-

237 3887 358 3972 uilius]
385 3889 506 3971 Legem
528 3883 670 3949 Atticam
692 3885 775 3948 hanc
797 3883 1074 4051 fuillefialiunde
1087 3884 1262 3971 colligitur,

236 4011 270 4057 et
291 4013 330 4055 ex
351 3989 503 4052 hocloco
525 4009 594 4050 eam
616 3985 762 4072 apposuit
785 3988 818 4050 S.
836 3987 877 4050 Pe
942 4011 957 4050 s
979 3989 1085 4073 Legg.
1102 3988 1205 4051 Attic.
1228 4010 1262 4074 p.

239 4095 310 4177 158.
334 4089 407 4154 Tib.
422 4087 675 4152 Hemsterhusrus
696 4087 841 4151 eamdem
865 4109 1043 4151 memorans
1065 4087 1106 4151 ad
1128 4088 1262 4153 Luciaui

236 4193 365 4280 Dialog.
375 4193 478 4256 ·Deor.
495 4189 608 4253 XXIV
612 4236 619 4250 .
640 4190 678 4253 T.
698 4192 723 4253 l.
747 4212 779 4275 p.
797 4204 869 4272 277.
891 4189 1041 4275 pleraque
1056 4213 1075 4253 a
1089 4213 1140 4255 me
1155 4189 1186 4254 ln
1201 4190 1260 4253 ed·
