2692 4770
159 286 237 341 110⁴
311 278 999 359 .D.w.AN1MADv.1NPLuuauce11
1064 308 1075 341 ·.

145 439 225 527 fecit
247 439 283 523 (i.
298 463 329 507 e.
351 455 452 507 contro
468 468 532 507 eum
546 444 652 526 dicere)
665 444 737 529 ſsve
750 445 831 532 quod
841 443 944 524 nollet,
954 441 1031 529 five
1043 442 1149 507 alian
1161 440 1196 507 οί

157 544 308 631 cauffooi:
329 546 372 610 est
393 546 488 611 etiam
513 570 648 614 acumen
669 548 702 613 in
728 548 950 635 ambiguitate,
969 545 1063 634 quod
1086 548 1195 627 ἀδικεῖ-

156 650 214 729 &oo
239 645 328 711 sunu]
351 647 486 713 refertur
509 648 550 735 ad
572 648 754 714 Stoicorum
775 650 940 715 decretum
963 650 1013 711 τὸν
1033 649 1124 730 σοφὸν
1147 650 1195 711 τοι

155 750 310 845 ᾀδικεῑθαι,
321 749 487 836 sapientem
501 775 559 813 non
576 752 651 839 poffe
665 750 777 840 injuria
792 749 885 837 offici.
921 747 976 815 sic
999 752 1127 827 ἡτίῖνθαι
1143 748 1195 814 di-

155 847 240 912 citur
252 849 292 913 ab
307 849 442 915 An‘sside
455 852 492 914 T.
510 853 537 915 1.
560 874 592 937 p.
608 869 685 937 535.
720 851 883 917 Caeterum
902 849 1045 937 ejusdem
1060 849 1191 915 seuten-

154 948 208 1047 οἱα
230 951 273 1013 est
288 949 449 1036 judicium
471 954 600 1017 Senecae
622 951 772 1018 Rhetoris
791 952 946 1017 Controv.
965 950 1031 1015 111.
1058 950 1190 1017 Praefat.

154 1071 188 1139 p.
203 1053 275 1134 176.
291 1050 331 1116 de
344 1051 501 1117 Albutio:
523 1078 623 1118 -κοκ
638 1054 708 1118 tulit
722 1056 798 1119 banc
810 1051 1026 1123 contumeliam.
1038 1053 1107 1140 sed
1124 1053 1191 1117 ira·

65 1168 68 1175 '
154 1165 201 1217 tus
220 1153 398 1219 calumniam
411 1155 471 1238 fibi
486 1155 640 1243 imposuit:
662 1180 824 1243 numquam
838 1156 913 1218 enim
927 1154 1058 1242 emplius
1072 1154 1108 1219 in
1116 1154 1191 1245 soro

153 1255 242 1335 dixit,
258 1258 339 1321 bomo
349 1255 481 1344 summa
496 1258 666 1346 probitatis,
689 1257 743 1345 qui
762 1281 814 1321 nec
824 1256 932 1345 facere
953 1256 1119 1345 iey'uriam,
1141 1282 1191 1322 nee

149 1358 218 1445 pati
232 1358 338 1446 sciret.

200 1466 272 1544 190.
288 1458 332 1521 A.
355 1460 658 1544 OEOHOMHOY]
684 1461 752 1525 Rex
773 1480 792 1523 e
814 1455 1032 1523 Proclidorum
1048 1458 1188 1537 familia,

154 1560 210 1647 qui
230 1559 365 1647 Ephorie
382 1560 578 1626 instituendis
593 1561 713 1649 regiam
730 1563 917 1650 potestatem
932 1561 1126 1627 imminuit:
1149 1562 1189 1627 do

152 1684 220 1749 quo
233 1662 391 1727 Meursms
410 1664 512 1750 Regn.
527 1665 603 1729 Lac.
621 1666 730 1730 XVII.
753 1687 786 1752 p.
803 1680 857 1748 77.
876 1662 1058 1729 Lercherus
1080 1664 1187 1731 Chro-

152 1761 221 1827 nol.
249 1762 410 1828 Herodot.
436 1764 530 1830 Tom.
553 1765 630 1830 VII.
658 1787 692 1852 p.
710 1782 788 1853 497.
817 1763 944 1829 initium
969 1762 1071 1851 hujus
1097 1764 1191 1853 regni

154 1862 268 1949 quinto
283 1863 513 1952 olympiadum
527 1886 622 1945 anno,
637 1880 712 1929 ante
725 1866 860 1929 nostram
876 1885 972 1928 aeram
989 1879 1066 1947 771.
1083 1866 1187 1952 ponit.

153 1960 446 2053 Apophthegmata
459 1968 536 2031 Lac.
556 1988 589 2053 p.
605 1986 678 2035 221.
694 1967 865 2032 sententias
880 1962 976 2052 hujus
991 1965 1079 2053 regis
1096 1990 1188 2031 com·

152 2066 260 2154 plures
281 2066 446 2147 exhibent,
469 2090 533 2131 non
556 2067 633 2134 item
654 2067 757 2133 hanc:
781 2066 813 2131 in
831 2088 896 2153 qua
916 2083 1109 2151 corruptum
1124 2067 1187 2133 hoc

153 2170 183 2232 οὐ
202 2170 237 2232 ti
258 2177 407 2253 γυναικῶν,
426 2167 651 2257 corrigendum
670 2167 795 2234 videtur
814 2171 881 2232 Οὐδ’
896 2172 919 2232 εί
934 2176 1087 2255 γυναικῶν,
1104 2167 1188 2249 εἶπεν,

152 2266 195 2351 ἦν,
210 2270 316 2358 prouti
331 2271 427 2335 exstat
448 2269 479 2334 in
502 2270 613 2336 codice
626 2272 744 2335 Venet.
760 2270 816 2358 qui
832 2270 895 2334 alio
914 2268 987 2335 loco
1008 2270 1188 2357 Apophth.

154 2374 233 2438 Lac.
256 2394 290 2459 p.
307 2392 380 2439 221.
396 2373 435 2437 E.
460 2372 513 2436 fini
534 2371 692 2438 diuorum
713 2372 916 2459 Theopompi
937 2370 1104 2459 adjeStum
1127 2372 1187 2438 ha·

153 2474 221 2540 bet.
260 2473 383 2539 Similia
397 2474 582 2538 tribuuntur
595 2473 663 2538 aliis
677 2474 857 2539 Laconibus
871 2474 902 2538 in
919 2472 1094 2560 Apophth.
1109 2478 1187 2541 Iac.

155 2601 184 2640 v.
200 2599 229 2640 c.
260 2575 404 2663 Agesilao
427 2597 459 2661 p.
475 2595 547 2641 212.
563 2578 611 2640 E:
633 2575 804 2640 Ἐτεδιίκνοέ
817 2602 858 2650 τις
878 2576 952 2661 αὐτῷ
965 2576 1187 2651 τῆςττίλεωςτὸ

152 2680 244 2762 τεῖχος
266 2679 365 2764 ὀχυρὸν
385 2674 431 2753 καί
451 2685 588 2765 καρτερῶς
612 2675 686 2760 ἄγαν
708 2676 949 2763 ἐξῳκοδομημένον,
973 2677 1020 2738 καὶ
1047 2677 1144 2763 ἡραίτα
1166 2683 1188 2742 ai

154 2783 241 2843 καλὸν
254 2784 330 2864 αὐτῷ
345 2778 478 2861 φαίνεται,
501 2783 545 2855 Νὴ
568 2780 612 2841 Δι’
628 2779 674 2861 ipo
693 2781 790 2857 καλὸν,
806 2783 860 2864 οὐχ
879 2781 914 2853 νίς
935 2777 1048 2862 ἀνδράσι
1067 2780 1096 2842 δὲ
1120 2783 1188 2845 ἀλλ’

153 2883 188 2955 ὥς
202 2880 325 2965 γυναιξίν
341 2883 456 2942 ἐνοικεῖν.
494 2878 595 2965 Agidi
616 2902 649 2966 p.
667 2899 740 2964 215.
756 2880 811 2944 D:
835 2878 1020 2966 Διεςχίμενος
1034 2880 1061 2942 o?
1076 2886 1117 2944 ταὶ
1136 2890 1189 2946 τῶν

153 2979 303 3067 Κορινθίαν
323 2978 405 3064 τείχη
427 2976 474 3058 καί
492 2979 662 3061 θεασάμενος
677 2981 773 3058 ὑψηλά
786 3008 817 3043 τι
832 2979 877 3057 καί
892 2984 983 3068 ὀχυροὶ
997 2983 1039 3043 ἐπὶ
1056 2984 1141 3067 vohi
1157 3009 1189 3047 τι

151 3083 370 3172 παρατείνοντα,
395 3082 484 3162 Τίνες,
507 3082 588 3162 εἶτεν,
612 3089 641 3146 αί
665 3086 710 3146 τὸν
736 3083 816 3147 τίτον
841 3091 1018 3162 κατοικοῦσαν
1043 3091 1190 3170 γυναῖκες.

160 3183 344 3250 Panthoidae
366 3205 399 3270 p.
417 3203 489 3268 230.
507 3184 554 3247 C:
583 3183 742 3259 Πανθοίδας
762 3183 924 3271 ττρετέείιον
946 3190 981 3260 είς
998 3189 1047 3263 τὴν
1068 3189 1190 3269 Ἀσίαν,

153 3288 349 3351 ἐπιδεικνύντων
364 3290 440 3371 αὐτῷ
451 3295 528 3349 τινῶν
542 3290 634 3371 τέιχος
649 3287 758 3374 ἓχνςόν,
774 3286 842 3366 εἶτα,
857 3291 902 3363 Νὴ
916 3288 977 3360 τοὺς
990 3290 1082 3367 θεοὺς,
1098 3289 1122 3353 oi
1139 3293 1190 3370 ξέ-

152 3415 202 3469 νοι,
226 3393 298 3467 καλὴ
324 3392 522 3473 γυναικωνῖτις.
562 3389 639 3451 Non
667 3387 832 3451 nominato
853 3389 1010 3475 Spartano
1035 3389 1192 3459 adscribit

151 3491 297 3559 Valerius
320 3491 409 3553 Max.
435 3490 497 3552 ΙΙΙ.
522 3506 553 3573 7.
582 3491 656 3552 Ext.
678 3492 717 3553 8:
753 3490 894 3577 Ejusdem
915 3490 966 3552 vir
989 3490 1073 3554 urbis
1096 3507 1192 3582 atque

152 3593 256 3671 animi,
279 3590 382 3677 hospiti
394 3591 452 3677 sito
472 3590 582 3677 potriae
603 3613 697 3653 muros
719 3589 837 3677 excelsos
860 3590 989 3677 lotosque
1015 3590 1193 3677 ostmdenti,

150 3695 240 3771 dixit,
265 3693 298 3757 Si
320 3692 492 3755 mulieribus
513 3691 577 3776 istos
598 3690 794 3781 comparastis,
819 3701 913 3756 reete:
934 3693 971 3779 Ji
995 3694 1088 3774 viris,
1122 3711 1191 3762 tur·

170 3813 236 3863 tter.

145 3812 168 3886 p
195 3920 266 3986 190.
283 3899 324 3962 A.
355 3900 627 3983 APXIAAMOY]
657 3898 709 3962 Est
729 3895 783 3961 hic
805 3898 1019 3963 Archidamus
1042 3900 1192 3988 Agesilai

150 4004 244 4080 filine,
261 4015 297 4064 ut
310 3999 425 4064 diserto
440 4014 569 4064 notatur
583 3998 614 4062 in
631 3998 801 4084 Apophth.
821 4003 898 4064 Lac.
921 4022 953 4086 p.
970 4020 1044 4085 219.
1061 4005 1108 4067 A.
1132 4008 1192 4073 ubi

148 4105 206 4169 suh
220 4103 288 4189 ejus
304 4101 432 4165 nomine
447 4101 508 4166 hoc
525 4100 646 4164 dietum
665 4100 822 4186 proditur.
857 4101 1041 4187 Hegefippo
1056 4126 1191 4193 cogno.

147 4207 236 4274 mine
265 4204 406 4292 Crobylo
429 4203 582 4268 tribuitur
603 4226 622 4269 a
648 4203 817 4269 Plutarcho
845 4204 879 4268 in
904 4205 1129 4275 Demosthene
1154 4233 1193 4299 p.
