2692 4770
158 425 161 429 ι
198 347 260 414 μισ
391 341 789 403 unumunurm
808 337 1043 402 mortuom

200 527 257 577 τοις
277 500 450 592 σερᾶσομοη
470 503 487 584 ἢ
508 510 569 588 ὑμῖν
589 505 702 586 heder·
726 506 772 571 his
791 505 887 595 potius
907 528 998 593 quam
1017 500 1101 568 vobis
1119 497 1239 565 obedire

189 600 325 688 studebo.
369 605 413 669 Et
439 605 471 670 in
496 607 633 671 Laconis
658 607 800 693 quidem,
827 607 919 672 utin
943 603 1065 689 AEsopi,
1090 599 1236 688 pers0¹¹²r

201 702 321 790 quibus
335 707 454 771 vetusta
469 708 617 773 dictionis
633 709 736 774 forma
755 708 954 796 adjungitur,
969 704 1094 770 facilius
1108 703 1171 766 hoc
1186 700 1237 763 fe-

200 822 282 886 tum,
297 829 394 894 quam
415 831 454 873 ex
470 812 523 875 sua
539 811 671 897 persona
692 809 836 898 loquenti
854 808 1037 874 Plutarcho.
1075 804 1182 892 Igitur
1203 823 1236 888 p.

203 926 277 990 141.
297 910 341 974 D.
366 910 422 975 ubi
446 910 575 997 quidam
600 911 727 977 codices
750 919 861 994 μᾶλλον
883 910 1053 986 omittunt,
1083 905 1238 971 mendum

200 1010 319 1078 subesse
348 1012 643 1078 animadvertimus.
684 1012 784 1100 Apud
811 1013 889 1078 alios
917 1009 1005 1077 haud
1031 1009 1236 1093 infrequens:

199 1132 231 1176 ν.
245 1136 276 1178 c.
313 1114 524 1202 Porphyrium
538 1118 589 1182 De
602 1116 726 1181 Abstin.
742 1116 786 1180 ll.
804 1129 842 1201 15
848 1162 855 1178 .
868 1135 918 1201 19.
947 1112 1127 1180 Lucianum
1142 1109 1238 1174 Pseu·

201 1210 355 1278 domante
376 1214 415 1278 T.
431 1215 476 1278 ll.
499 1237 533 1301 p.
551 1235 631 1283 210:
661 1214 773 1279 multis
795 1227 917 1293 notata,
937 1211 986 1276 vel
1011 1209 1135 1276 Reitzio
1155 1206 1238 1272 odeo

200 1311 243 1377 ad
264 1312 398 1377 Lucian.
413 1314 452 1378 T.
469 1317 513 1379 ll.
535 1336 567 1404 p.
586 1330 660 1401 730.
680 1327 714 1378 et
731 1314 800 1379 aliis
822 1314 864 1378 ad
885 1316 923 1378 Ι.
943 1311 1025 1377 Bofii
1047 1309 1155 1397 Ellips.
1176 1308 1238 1372 Gr.

200 1434 236 1502 12-
247 1430 323 1501 ιιι.
338 1414 426 1501 sequ·

247 1535 320 1599 152.
336 1515 376 1579 C.
407 1513 545 1598 Εὔδαμον
568 1516 792 1604 πολῖοθρομ]
832 1515 940 1604 Hujus
963 1513 1093 1580 Oruculi
1119 1512 1238 1579 mirum

201 1613 324 1681 nullam
338 1615 456 1682 fadtam
471 1616 504 1680 in
515 1617 593 1682 Vna
607 1617 734 1682 Solonis
746 1617 956 1683 mentionem.
994 1615 1161 1704 Significat
1180 1635 1237 1678 ur·

200 1717 276 1784 bem
290 1739 468 1806 paucorum
485 1719 600 1784 civium
614 1744 624 1798 3
648 1721 688 1784 fic
703 1721 831 1786 Defedt.
846 1721 940 1786 Orac.
957 1742 989 1806 p.
1001 1739 1077 1800 414.
1095 1717 1135 1781 C.

247 1838 321 1908 152.
336 1822 377 1888 C.
400 1822 520 1897 irruisti
542 1823 666 1911 κοράααν
685 1823 785 1887 ἐπαΐειν
806 1820 852 1902 uui
871 1822 997 1906 κολοιῶν]
1025 1819 1175 1884 Imitatus
1194 1816 1239 1882 est

118 1982 124 1993 .
202 1925 355 1990 Graecum
383 1923 570 2012 Tragicum,
598 1923 691 2012 cujus
718 1924 850 1988 similem
881 1921 1070 1987 sententiam
1099 1916 1239 1984 reddidit

201 2024 355 2092 Pacuvius
378 2022 412 2089 in
432 2025 566 2112 Chryse,
580 2024 730 2090 servatam
753 2047 773 2090 a
795 2024 952 2091 Cicerone
970 2022 1114 2091 Divinat.
1138 2023 1167 2086 l.
1182 2036 1236 2106 57.

201 2126 366 2214 etpartim
381 2148 400 2190 a
414 2126 523 2191 Nonio
538 2148 572 2212 p.
588 2129 651 2207 246
664 2154 673 2190 ι

326 2225 452 2291 Ι--Νιιιιι
466 2225 538 2314 ssis,
553 2228 605 2314 qui
619 2225 756 2314 linguam
774 2228 877 2293 audem
891 2225 1076 2316 intelligunt,

287 2328 418 2419 Plusque
433 2354 469 2393 eu
482 2328 578 2394 alieno
582 2330 682 2417 jecore
690 2331 828 2418 sapiunt,
844 2354 934 2417 quani
949 2355 985 2393 ex
994 2332 1067 2416 suo,

283 2432 394 2519 Magis
409 2431 602 2510 audiendum,
619 2455 709 2518 quam
728 2431 956 2518 arffcultandum
969 2433 1078 2517 censeo.

246 2553 319 2619 152.
331 2535 376 2599 D.
400 2533 541 2614 συμποσίω
556 2535 583 2597 δὲ
597 2534 748 2619 &mit-d
770 2534 968 2620 Praeceptum
983 2533 1092 2621 attigit
1106 2532 1238 2620 gemino

200 2635 274 2701 loco
288 2638 401 2724 Symp.
413 2637 456 2700 V.
473 2657 506 2720 p.
519 2635 593 2718 678.
608 2637 652 2699 D.

246 2754 318 2823 152.
333 2740 378 2803 D.
401 2736 442 2801 ῖσι
464 2736 565 2822 ὅμοιον]
599 2736 737 2824 Corrigo
758 2736 806 2801 ὦδε
828 2738 958 2820 tripu-⁴
992 2737 1121 2801 nondum
1146 2736 1241 2824 tulisti

201 2840 248 2903 hic
259 2838 364 2925 legem,
374 2839 502 2925 neservi
515 2838 709 2917 inebrientur,
723 2840 822 2926 prouti
837 2837 927 2924 tulisti
937 2839 1074 2917 Athenis,
1089 2864 1126 2902 nc
1140 2852 1239 2903 ament

201 2965 237 3005 ac
246 2943 328 3026 steca
348 2941 482 3004 unctione
502 2952 648 3003 utantur.-
672 2943 752 3006 ratio
775 2942 841 3026 ipln
862 2941 1015 3005 defiderat
1033 2942 1237 3027 fignificatio-

201 3064 276 3107 nem
300 3041 364 3106 loci
385 3041 557 3126 praesentis,
578 3041 633 3126 qui
654 3056 838 3128 opponatur
859 3042 1016 3106 Athenis:
1045 3043 1084 3105 fic
1106 3039 1167 3120 ὦδε,
1187 3045 1240 3105 boc

99 3174 102 3181 ¹
201 3144 272 3224 loco,
285 3145 327 3209 est
341 3142 426 3229 apud
441 3143 647 3207 Plutarchum
666 3146 709 3208 Il.
724 3166 757 3229 p.
769 3163 823 3229 34.
840 3144 883 3206 A.
899 3158 933 3207 et
945 3144 1035 3223 alios,
1051 3166 1132 3230 quos
1147 3158 1239 3209 notat

203 3247 316 3335 Steph.
332 3245 426 3310 Thes.
442 3247 480 3309 L.
496 3247 554 3309 Gr.
571 3247 616 3308 ll.
632 3267 665 3331 p.
682 3247 777 3330 1556.

247 3364 320 3432 152.
334 3348 378 3412 D.
402 3345 510 3421 οἰκέτας
523 3349 560 3428 μὴ
575 3351 647 3432 ἔρξον,
669 3348 735 3429 μηδὲ
753 3349 936 3432 ξηραλοιφεῖν]
961 3347 1087 3412 Solonis
1102 3347 1154 3412 lex
1167 3370 1239 3414 me·

201 3464 344 3516 moratur
367 3471 386 3513 a
409 3448 580 3513 Plutarcho
603 3448 635 3511 in
654 3448 732 3513 Vita
753 3447 823 3534 ejus
845 3470 878 3534 p.
895 3466 947 3535 79.
961 3449 1013 3514 Ar
1038 3448 1114 3531 νόμον
1129 3449 1239 3538 ἔγραψε

173 3554 177 3563 ’
200 3550 394 3639 διαγορεύοντα
416 3553 509 3613 δοῦλον
528 3553 565 3631 μη
583 3553 753 3637 ξηραλοιφεῖν
774 3550 841 3632 μηδὲ
862 3552 1050 3637 σταιδοραςεῖν,
1067 3556 1102 3625 εἰς
1122 3555 1170 3629 την
1184 3562 1239 3616 τῶν

202 3661 296 3719 καλῶν
309 3654 407 3740 μερίδα
421 3651 467 3731 κα)
480 3660 584 3733 σεμνῶν
604 3652 819 3734 ἐπιτηδευμάτων
836 3652 974 3734 τιθέμενος
989 3655 1019 3716 ri
1038 3660 1179 3740 πρᾶγμα·
1205 3654 1238 3721 in

200 3756 370 3823 Amatorio
384 3777 418 3840 p.
429 3770 503 3839 751.
515 3756 554 3821 Β.
577 3755 742 3820 Johannes
754 3754 995 3842 Chrysostomus
1011 3755 1128 3821 citatus
1140 3760 1239 3824 Wes-

201 3859 336 3946 selingio
350 3857 389 3922 ad
409 3859 443 3922 S.
461 3856 556 3922 Petiti
570 3859 651 3944 Leg.
666 3857 769 3923 Attic.
785 3879 818 3944 p.
834 3860 909 3941 387.
950 3859 1117 3925 AEschines
1132 3863 1189 3927 Or.
1205 3862 1237 3928 in

201 3959 364 4028 Timarch.
380 3979 414 4046 p.
431 3960 503 4045 189.
519 3959 571 4023 A:
599 3959 691 4023 δοῦλόν
705 3978 784 4042 φησιν
798 3965 811 4020 ὁ
829 3960 907 4041 νόμος
920 3965 958 4041 μὴ
972 3964 1153 4045 γυμνάζεθοη
1171 3966 1240 4045 μηδὲ

199 4066 371 4148 ξηραλοιφεῖν
395 4065 422 4124 ἓν
445 4066 507 4136 ταῖς
525 4062 713 4148 παλαῖςραις·
745 4061 791 4141 καὶ
815 4063 903 4126 οὐκέτι
928 4063 1130 4151 προσέγραψε,
1151 4067 1239 4128 riud'

199 4166 340 4252 ἐλεύθερον
360 4162 513 4247 ἀλεῖφεθαι
535 4162 580 4244 καὶ
593 4164 784 4247 γυμνάζεῶση·
809 4165 925 4228 amoris
941 4166 1136 4230 mentionem
1154 4189 1237 4253 prae·

199 4269 360 4350 termittit,
376 4269 488 4335 caullte
502 4266 683 4348 inserviens,
700 4271 870 4353 ξηραλοιφεῖν
891 4267 1104 4354 interpretans
1125 4268 1238 4335 addito
