2692 4770
214 309 274 385 968
404 310 443 372 D.
458 313 509 371 W.
529 313 739 373 ANIMADV.
759 313 807 372 IN
828 310 1059 373 PLUTARCHI

216 471 305 558 alyn,
321 476 373 565 *nal
391 477 518 540 Πλᾶτοον
536 482 562 541 ὲν
582 485 623 563 τῷ
643 503 677 565 γ.
692 485 746 543 τῶν
767 477 863 560 νόμον·
883 475 1055 558 Ἐπιμενίδην
1073 471 1136 556 φησὶ
1154 468 1252 556 μικμᾶν

216 599 244 638 τι
260 576 418 666 ἐδεσμᾶτιον
432 578 653 667 προσφερόμενον
666 577 714 642 vile
728 585 814 643 τελεῖν
832 582 880 657 τὴν
898 576 1008 663 ἡμέραν·
1033 573 1062 653 ἦν
1077 577 1097 637 δ’
1113 577 1142 651 ἐξ
1158 578 1250 653 ἀσφο-

217 673 283 738 δίλε
299 676 320 763 ’i
336 678 486 764 μαλᾶχης,
502 677 564 766 ὅπερ
578 681 659 744 αὐτὸν
672 679 772 763 ἄλιμον
786 681 833 744 καὶ
846 678 944 754 ἄδιψον
956 675 1048 742 lania.
1076 673 1204 764 Quibus
1219 673 1250 736 In

215 775 319 840 verbis
341 775 391 842 ὦδε
408 785 495 843 τελεῖν
517 780 709 845 mutandum
729 780 761 844 in
783 784 934 845 διατελεῖιε
959 795 992 843 et
1006 776 1061 842 illa
1073 775 1250 860 μέμννσος-

215 876 312 959 νὸμοιν,
330 879 362 943 in
380 881 555 966 parenthefi
576 881 760 969 accipienda
782 885 865 962 sunt,
889 895 926 946 ut
948 896 1064 946 caetera
1085 900 1143 965 pro
1163 879 1249 942 Her-

204 977 472 1070 'mippidibtione
492 981 681 1048 habeantur.
719 984 807 1049 Nam
832 984 921 1048 Plato
943 985 1023 1069 Leg.
1039 981 1102 1045 III.
1126 1001 1158 1066 p.
1173 976 1249 1062 585.

214 1078 253 1142 E.
275 1078 376 1163 ἄλιμον
398 1105 463 1147 non
478 1082 591 1149 diserte
607 1084 762 1164 nominat,
783 1078 838 1151 sed
852 1083 1056 1173 Epimenidem
1073 1079 1251 1169 pralium

213 1178 335 1266 Hcfiodi
354 1185 475 1271 efficiffe
495 1186 697 1273 pronunciat,
719 1187 816 1252 tacite
838 1186 1015 1274 fignificans
1036 1184 1128 1248 illum
1149 1179 1248 1246 modo

213 1282 349 1381 eitatum
364 1287 502 1352 versum:
526 1292 595 1351 KA.
611 1294 683 1351 Μῶν
694 1288 800 1376 φράζεις
810 1287 997 1370 ’Ἑσιμενῖδηνς
1019 1290 1092 1349 ΑΘ.
1107 1285 1180 1362 Nat,
1194 1287 1249 1346 τεῖ-

211 1405 267 1446 τον·
291 1387 361 1448 πολὺ
380 1390 438 1473 γὰρ
459 1391 520 1470 ὑμῖν
541 1390 719 1476 ὑπερεπήδησε
734 1396 773 1474 τῷ
791 1389 974 1475 μηχανῆμοιτι
995 1388 1056 1461 τοὺς
1073 1385 1247 1468 ξύμπαντας,

211 1481 234 1549 d
254 1486 326 1564 φίλε·
351 1487 365 1551 i
379 1490 457 1575 λόγῳ
476 1492 527 1572 μὲν
544 1491 671 1566 Ἠσίοδος
686 1492 846 1574 ἐμαντεύετο
859 1494 959 1572 ariam,
973 1497 1014 1577 τῷ
1028 1493 1049 1553 δ’
1065 1489 1138 1578 ἔργῳ
1153 1492 1248 1563 ἐκεῖνος

211 1587 377 1652 antima.
400 1592 448 1654 Ex
463 1591 644 1677 Hermippo
658 1591 836 1657 Athenaeus
852 1593 896 1657 II.
912 1615 945 1680 p.
956 1594 1010 1678 58.
1027 1594 1071 1656 F:
1089 1588 1247 1677 Ἕρμιππος

202 1689 237 1750 ’δὲ
254 1694 266 1751 ὁ
280 1691 497 1778 Καλλιμάχειος
513 1691 559 1772 καὶ
573 1699 610 1767 εἰς
624 1697 671 1770 τὴν
686 1681 853 1777 ιιαλοομὲνην
869 1696 948 1777 φησὶν
963 1692 1074 1776 ἄλιμον,
1088 1689 1202 1780 τςοσὲτι
1216 1715 1248 1755 τε

209 1788 319 1871 ἄδιψον,
334 1790 518 1875 ἐμὸἄλλεθας
535 1798 582 1872 τὴν
595 1795 734 1881 μαλάχην
747 1795 831 1859 οὖσαν
842 1795 1073 1881 χρησιμωτάτην·
1098 1792 1153 1857 ubi
1170 1795 1245 1857 Pro·

209 1892 298 1958 clum
319 1894 427 1960 citavit
452 1895 668 1961 Casaubonus.
703 1898 752 1960 Ex
774 1897 943 1961 Demetrio
965 1896 1130 1991 Diogenes
1148 1897 1245 1959 Laer-

209 1996 320 2060 tiusl.
339 2018 421 2079 114.
445 1999 519 2076 Φησὶ
535 2001 561 2062 δε
580 2000 661 2081 Δημᾶ
655 2024 747 2087 ,ι’,ςιος
762 2004 836 2074 τινᾶς
858 2004 963 2086 length,
986 2000 1021 2072 ὠς
1044 1997 1126 2061 haiim
1149 2000 1245 2080 (Dn-

207 2125 243 2180 με
245 2099 335 2265 νῖῖης)ὅ
348 2105 424 2186 παρὰ
439 2109 545 2181 νυμφῶν
560 2100 599 2164 les
588 2103 663 2184 ,σμᾶ
677 2129 717 2180 τι,
736 2101 930 2188 ιὲφνλᾶτῖοῢ
920 2127 946 2163 εν
959 2106 1038 2188 χηλη
1052 2099 1124 2179 βοός
1149 2126 1245 2187 orpor-

207 2219 237 2285 φ.
228 2202 346 2288 εμὸμενὸς
333 2229 390 2278 ςτε
407 2205 470 2266 κατ’
487 2203 592 2288 ολιγον,
607 2206 727 2289 μηδεμιᾶ
741 2208 902 2284 κενοῦσθαι
888 2230 986 2292 aucupi
982 2203 1041 2282 ’σει,
1054 2231 1092 2285 μη
1095 2205 1121 2265 δε
1110 2202 1246 2284 <iphicus

205 2328 272 2367 τοτε
292 2303 391 2369 rem
429 2303 547 2371 Pltmus
567 2307 614 2370 H.
633 2307 678 2370 N.
701 2308 811 2371 XXII.
833 2326 892 2393 33:
916 2304 1067 2394 Aspbodr
1066 2331 1102 2369 on
1121 2307 1160 2369 ab
1177 2305 1243 2369 He

195 2404 282 2490 ſsodo
296 2406 417 2494 quidam
427 2406 537 2471 alcmon
552 2407 652 2495 appell
651 2433 699 2471 arr
693 2405 926 2492 existimavere,
940 2405 1144 2495 quodfalsum
1158 2407 1244 2471 arbi·

205 2519 279 2596 trar.
316 2510 358 2572 Et
381 2507 597 2596 Pythagoram
621 2508 805 2597 hujusmodi
827 2509 906 2575 cibis
928 2510 1019 2573 usum
1038 2509 1148 2594 prodit
1165 2506 1241 2573 Por·

205 2610 340 2698 phyrius
363 2611 432 2674 Vit.
459 2610 596 2699 Pythag.
620 2611 652 2693 ξ.
672 2632 737 2696 34:
769 2612 924 2694 -ἄλίμοις
946 2616 1045 2697 ἓχρῆτο
1068 2610 1115 2688 καὶ
1136 2612 1242 2688 ἄδῖψοις

204 2717 326 2798 τροφαῖς·
345 2713 508 2800 utriusque
523 2714 785 2800 compofitionem
800 2713 991 2790 describens,
1012 2713 1044 2776 in
1067 2712 1152 2777 illius
1167 2735 1241 2800 par-

205 2811 291 2876 tibus
303 2813 402 2878 'ctiam
418 2813 567 2896 ἀσφόδελον
582 2829 615 2880 et
628 2815 766 2903 μαλάχην
781 2828 939 2878 numerat.
975 2813 1026 2876 De
1041 2814 1243 2879 Abstinentia

206 2914 264 2979 IV·
282 2934 334 2981 20.
359 2937 391 3001 p.
407 2932 469 3001 373
485 2943 493 2981 τ
518 2917 571 2981 εἴτε
586 2922 633 2994 τὴν
645 2914 828 3000 μυθευομένην
847 2915 948 2998 ἄλιμον
964 2913 1009 2995 κα)
1023 2914 1120 2992 ἄδιψον
1134 2915 1242 3004 εὔπορον

204 3013 234 3092 ἦν
256 3020 399 3096 nexilitas,
424 3020 453 3081 ἵν’
474 3017 506 3080 ἄν
527 3046 568 3093 τις
589 3021 620 3082 τὸ
643 3019 759 3105 ὃιαρῤέον
777 3025 812 3082 τέ
828 3018 957 3099 σώματος
978 3017 1093 3103 iniquia,
1108 3021 1139 3080 δι’
1156 3018 1240 3104 ὀλίγοι

202 3120 275 3202 σιμὸς
289 3122 343 3193 τοῖς
359 3119 461 3206 ἄξι’ςοις
482 3118 522 3198 ἦν,
546 3121 619 3207 ogig
638 3120 730 3208 οἷσπερ
750 3118 785 3183 ἄν
807 3118 851 3197 aa)
865 3123 937 3193 θεὸς,
954 3120 993 3192 ἐςὶ
1007 3119 1077 3193 θεός·
1103 3142 1240 3205 quorum

204 3220 320 3285 ultima
334 3243 372 3285 ex
389 3222 520 3286 Platone
536 3222 641 3286 sumta
655 3223 736 3286 sunt.
771 3225 813 3286 Et
828 3222 1031 3306 Antiphanes
1047 3243 1098 3307 ap.
1116 3223 1239 3287 Athen.

200 3321 263 3388 IV.
293 3346 326 3410 p.
346 3326 476 3387 161.A.
507 3322 599 3406 ἄλιμα
622 3322 842 3411 Pythagoricis
866 3321 997 3386 tribuit:
1032 3338 1065 3385 et
1091 3323 1240 3386 AElianus

203 3425 280 3488 Var.
299 3425 378 3490 Hist.
397 3427 454 3489 IV.
476 3445 522 3506 ι7.
540 3447 595 3489 eos
611 3425 641 3487 in
653 3422 845 3510 sanllrfflmis
863 3423 969 3486 habere
983 3422 1088 3486 scribit
1102 3424 1240 3510 μολᾶχης

202 3526 315 3606 φύλλον·
340 3526 428 3613 quod
447 3524 596 3612 equidem
615 3525 657 3590 ad
675 3524 963 3590 commendandam
984 3522 1085 3605 ἄλιμον
1100 3524 1239 3610 speetare

201 3643 328 3714 putem.

245 3748 317 3816 157.
333 3732 376 3795 D.
399 3734 500 3818 ἡδονὴν]
527 3729 624 3795 Abest
639 3729 735 3795 etiam
750 3729 783 3793 in
800 3728 893 3793 Harl.
910 3749 938 3793 1.
953 3748 983 3793 2.

246 3852 317 3918 157.
334 3836 377 3898 D.
401 3834 538 3908 ΠῖτΊοικος
552 3835 671 3918 ἄλεῖ-]
696 3833 864 3919 Diogenes
880 3831 1026 3895 Laertius
1042 3833 1069 3896 I.
1085 3832 1137 3895 81.
1150 3833 1239 3919 τούτῳ

198 3939 352 4026 γυμνάσιον
369 3935 426 4022 (ἦν)
443 3942 519 4002 σῖτον
533 3943 620 4016 ἀλεῖν,
635 3936 669 4011 ἄς
682 3955 746 4017 φησι
758 3936 910 4022 Κλέαρχος
925 3941 937 3998 ὁ
953 3936 1109 4018 φιλόσοφος.
1133 3937 1237 4001 AElia-

199 4064 259 4106 nus
275 4044 351 4106 Var.
368 4041 449 4104 Hist.
464 4041 541 4105 VII.
557 4060 590 4120 4.
624 4038 776 4103 Clemens
791 4036 967 4101 Alexandr.
985 4037 1156 4124 Paedagog.
1174 4040 1235 4103 III.

197 4165 232 4229 p.
249 4162 322 4224 242.
340 4144 380 4207 C.
419 4142 553 4207 Isrdorus
577 4140 678 4205 Pelus.
704 4139 800 4224 Epist.
818 4142 845 4203 I.
862 4157 937 4223 470.
975 4140 1147 4204 Cantilena
1163 4162 1236 4204 mo-

196 4241 271 4307 laris
287 4243 426 4325 ἐοιμόλιος
440 4245 492 4330 ᾠδὴ
510 4255 707 4308 memoratur
721 4241 850 4307 AEliano
865 4241 888 4304 l.
902 4262 932 4308 c.
962 4242 1123 4306 Athenaeo
1141 4243 1234 4308 XIV.
