2692 4770
231 311 292 381 934
417 306 524 371 nu.
545 308 1074 387 communionum

233 474 339 548 τοῦτον,
353 467 388 544 ὥς
401 488 495 552 φασιν,
512 472 666 551 &velinos
691 475 733 549 inl
747 473 775 537 li
785 477 864 561 ,αὐτῷ
877 472 1006 549 Μούσαις
1020 474 1041 559 ’l
1055 469 1151 553 Ὕπνῳ
1164 468 1264 546 θύωσι,

232 568 361 655 λίγοπες
377 573 423 635 τὸν
438 564 541 638 “Trici
554 580 623 641 θεῶν
636 573 750 657 perintra
763 574 827 654 dan
841 575 918 658 φίλον
931 572 1061 649 Μέσαις.
1097 569 1264 636 Pittheum

232 671 353 736 constat
365 673 479 755 Thesei
495 674 584 743 tuille
605 697 709 753 avum.
747 674 848 753 Plinio
869 677 916 739 H.
932 674 977 754 N.
992 674 1071 740 Vll.
1085 687 1139 757 57.
1159 669 1262 734 verifi-
1288 742 1293 756 Ι

230 773 367 838 millima
387 774 571 863 conjectura
592 777 725 842 restituit
743 776 946 853 Harduinust
972 776 1047 840 Cum
1066 773 1146 840 tibiis
1161 795 1266 836 canen

188 945 193 953 ,
229 899 300 940 voce
322 876 494 942 Troezcnius
514 877 652 953 Ardclas
669 877 814 963 nstituit:
842 879 898 949 ubi
919 899 979 965 pro
995 877 1060 951 hoc
1082 875 1211 941 nomine
1229 873 1263 938 ln

228 974 318 1042 libris
332 977 434 1043 fertur
447 980 625 1059 Dardanus.

275 1094 347 1164 150.
363 1081 407 1146 A.
428 1079 613 1168 Αἷσωπος-]
639 1081 673 1147 Si
694 1080 764 1157 haec
783 1080 824 1159 ad
838 1079 985 1168 Delphos
1002 1077 1122 1167 legatio
1135 1098 1173 1141 ea
1187 1074 1264 1154 fuit,

229 1200 293 1264 qua
307 1181 445 1267 AEsopus
458 1204 478 1246 a
490 1182 725 1269 Delphensrbus
738 1181 925 1261 Interfectus
938 1180 993 1261 est,
1013 1192 1193 1264 temporum
1210 1199 1263 1240 ra-

227 1277 351 1345 tionem
366 1304 431 1347 non
444 1282 576 1359 serravit
589 1283 781 1365 Plutarchus
789 1307 800 1362 3
824 1280 921 1361 modo
943 1279 1040 1359 recle'
1050 1301 1151 1351 anuos
1172 1275 1262 1343 ordi·

226 1383 348 1449 neverit
369 1383 431 1475 Etl.
448 1385 598 1451 corfinus
620 1388 700 1453 Fast.
720 1384 824 1459 Attic.
840 1384 917 1461 Vol.
934 1384 996 1461 III.
1022 1403 1056 1469 p.
1072 1383 1125 1467 85.
1151 1392 1185 1444 et
1205 1399 1260 1466 93.

227 1483 388 1551 Periandrl
416 1500 553 1552 mortem
578 1502 702 1575 ponens
719 1487 864 1577 ,Olymp.
888 1487 1044 1559 XLVIII.
1066 1505 1107 1564 4:
1134 1482 1262 1569 AEsopi,

227 1584 359 1674 Olymp.
376 1589 464 1655 LIV.
482 1609 516 1653 1:
541 1589 596 1665 nili
618 1588 702 1654 forto
724 1587 914 1655 Plutarchus
931 1586 972 1652 de
993 1586 1098 1673 priore
1120 1583 1260 1671 quadam

225 1682 297 1773 tjtw
319 1686 361 1759 ed
380 1688 527 1779 Delphos
548 1689 709 1779 legatione
722 1688 876 1779 loquitur,
890 1686 943 1761 cui
958 1685 1094 1774 peracte
1109 1676 1263 1771 ,superstet

224 1800 259 1861 ct
273 1787 443 1861 incolumis
458 1789 568 1871 fuerit,
582 1789 801 1877 scripseritque
813 1788 893 1865 duos
907 1787 1005 1853 libros
1016 1786 1056 1854 de
1071 1787 1176 1864 rebus,
1186 1808 1261 1873 quae

224 1887 280 1975 {pti
292 1889 431 1977 Delphis
444 1905 630 1973 evenerunt,
646 1905 684 1959 ut
698 1915 737 1961 er
750 1891 874 1957 incerto
888 1886 1018 1981 auctore
1027 1886 1131 1955 -tradit
1143 1884 1260 1963 Suidpn

202 1978 302 2067 groco
324 1990 464 2072 Αἴσωπος,
491 1991 618 2077 Saipros:
648 1991 781 2073 addens,
803 1989 979 2067 secundum
999 1989 1078 2063 alios
1099 1986 1260 2071 auctores,

223 2112 300 2171 eum
322 2092 367 2157 nil
389 2092 442 2161 nili
465 2109 561 2160 acuta
582 2093 728 2181 responsa
745 2092 902 2179 scripsisse,
924 2105 960 2155 et
982 2113 1002 2171 a
1024 2088 1259 2177 Delplteustbue

223 2189 428 2261 interfectum
442 2194 504 2258 elle
518 2192 713 2292 Olympiade
727 2194 815 2266 LIV.
848 2192 912 2269 Sed
926 2191 997 2257 baec
1011 2213 1172 2278 apponere
1183 2213 1258 2263 orn-

223 2291 279 2375 nIa
289 2315 353 2367 uon
368 2293 496 2358 attinet.
526 2295 604 2359 Non
618 2292 748 2382 quidem
758 2288 916 2381 ‚differunt
937 2313 1133 2381 magnopere
1148 2290 1180 2367 in
1195 2314 1257 2357 an-

222 2414 279 2471 no,
301 2414 366 2479 quo
386 2381 525 2495 AEsopua
546 2395 674 2475 obierit,
695 2393 886 2471 recentiores
907 2384 1126 2480 Chronologi:
1156 2392 1259 2461 veluti

222 2493 368 2567 Petaviue
381 2494 459 2561 item
471 2496 564 2585 ponit
576 2496 629 2562 Ol.
644 2496 732 2564 LIV.
749 2516 778 2559 r.
801 2495 980 2559 Larcherus
994 2493 1035 2559 ad
1050 2492 1258 2560 Herodotum

116 2609 123 2624 “
221 2593 297 2673 Vol.
312 2597 390 2669 VII.
415 2619 448 2683 p.
463 2614 539 2685 541.
563 2610 597 2663 et
618 2598 692 2666 621.
732 2597 785 2662 Ol.
803 2599 891 2663 LIV.
906 2617 948 2679 4:
974 2594 1117 2681 Scaliger
1137 2594 1256 2658 Anim-

220 2695 292 2767 adv.
307 2696 349 2762 ad
362 2699 477 2789 Eusep.
499 2721 533 2785 p.
549 2718 602 2785 92.
624 2720 819 2785 quamquam
843 2711 875 2762 et
898 2697 952 2760 hic
974 2695 1081 2760 Suidae
1105 2709 1259 2781 corrupta

220 2799 354 2891 sequens
373 2800 477 2881 verba,
498 2813 533 2873 ct
554 2800 703 2864 Corfinue
717 2822 756 2864 ex
772 2798 906 2865 Phaedro
922 2797 949 2861 Ι.
963 2817 993 2863 2.
1010 2796 1129 2863 nullius
1144 2796 1175 2860 in
1191 2796 1257 2863 hoc

220 2921 339 2985 genere
363 2899 561 2979 auctoritatis
585 2901 748 2989 scriptore,
773 2915 1000 2989 argumentum
1029 2897 1160 2973 ducena.
1207 2898 1257 2975 At

221 2998 277 3073 illa
296 2999 372 3065 levis
389 3002 444 3080 cst,
464 3020 530 3087 prte
549 3001 659 3080 altera,
679 3000 859 3066 difficulter.
893 2999 981 3089 Quid
1003 3001 1088 3065 enim
1111 2998 1256 3085 estquod

220 3101 348 3171 initium
364 3104 454 3190 regni
470 3105 567 3170 Croefi
580 3104 713 3192 ponitur
728 3105 859 3192 Olymp.
869 3107 940 3173 LV.
955 3128 1033 3193 crgo
1047 3104 1114 3189 post
1127 3103 1255 3182 obitum

220 3205 348 3293 AElopil
372 3229 468 3292 quent
483 3219 590 3281 tamen
604 3205 689 3293 apud
706 3227 816 3294 regern
828 3206 974 3270 Croesum
987 3205 1091 3293 gratia
1105 3204 1253 3285 floruille,

219 3307 388 3396 abeoquo
415 3306 562 3395 Delphos
588 3306 726 3386 millum,
753 3307 858 3385 omnio
886 3307 1059 3393 antiquitas
1085 3305 1254 3377 consentit.

219 3409 275 3484 Aa
289 3430 362 3473 vero
377 3430 465 3490 eum,
482 3409 551 3481 vivo
564 3407 670 3473 adhuc
685 3419 775 3493 patre
789 3407 935 3496 Alyatte,
956 3422 1013 3479 aut
1034 3430 1170 3495 regnum
1191 3406 1254 3472 ob·

218 3510 356 3592 tinuisse,
380 3526 438 3587 aut
461 3512 495 3577 in
521 3511 611 3599 regni
633 3508 816 3589 societatem
837 3510 1008 3577 assumtum
1033 3509 1195 3573 dicamus:
1219 3508 1254 3574 iu

218 3635 316 3701 quarn
329 3613 514 3699 opinionem
529 3613 594 3685 fere
608 3611 732 3679 ducunt
752 3611 880 3693 indicia,
900 3610 1142 3699 alVelIelingio
1155 3633 1253 3687 mon-

217 3713 310 3803 strata
325 3703 365 3788 ad
381 3712 584 3781 Herodotum
604 3715 631 3777 I.
644 3733 698 3799 30.

263 3835 335 3902 150.
351 3816 392 3879 A.
416 3818 457 3883 inl
482 3816 560 3903 lippe
582 3818 651 3891 τινὸς
668 3815 839 3903 χαμαιζῆλε
857 3820 943 3903 παρὰ
961 3816 1006 3885 τὸν
1020 3813 1138 3880 Σόλωνα
1159 3819 1253 3895 παθη·

215 3920 305 4006 μενος]
332 3917 525 4005 Rremplum
540 3941 558 3982 e
573 3918 705 3983 Platone
719 3916 865 3998 ductum,
881 3918 937 4004 qui
951 3917 1092 3985 fimilitcr
1108 3917 1141 3981 in
1159 3917 1253 4003 Phae·

214 4021 299 4087 done
319 4043 353 4107 p.
368 4021 444 4109 389.
461 4020 496 4084 F.
517 4018 615 4107 ἔτυχον
633 4025 691 4104 γὰρ
708 4018 860 4101 καθήμενος
877 4021 904 4081 ἐν
924 4020 999 4106 δεξιᾷ
1017 4022 1090 4082 ariri
1104 4022 1190 4106 capel
1204 4023 1254 4099 τὴν

214 4121 307 4199 κλίνην
321 4122 366 4185 ἐπὶ
383 4120 566 4208 χαμαιζήλου
585 4119 664 4203 τινός·
689 4123 748 4182 ὅδὲ
769 4118 811 4183 tvl
830 4125 936 4206 πολλῷ
957 4119 1156 4207 ὑψηλοῐὲρουῆ
1179 4120 1252 4207 ἐγώ,

213 4223 417 4299 Vocabulum
431 4222 612 4327 χαμαίζηλος
631 4220 664 4289 in
686 4220 807 4297 GloIIae
833 4219 944 4303 retulit
965 4219 1118 4305 Timaeus,
1141 4221 1253 4311 ibique
