2692 4770
157 279 235 333 1114
299 298 302 304 ·
347 273 447 335 D.W.
467 277 677 336 ANIMADV.
697 277 745 336 IN
766 277 996 338 PLUTARCHI
1061 282 1066 289 '

155 436 241 515 alibi,
264 438 316 500 De
332 437 389 502 Sui
406 439 517 504 Laude
536 461 568 527 p.
583 457 660 526 540.
677 441 720 506 D.
757 441 848 528 Reip.
860 443 940 507 Ger.
956 443 1056 508 Praec.
1070 461 1108 528 p.
1124 456 1200 529 799.

155 541 196 604 Ε.
224 538 372 605 AElianus
387 543 462 606 Var.
484 542 566 607 Hist.
582 544 678 607 XIII.
693 563 748 625 42.
770 545 825 632 qui
847 567 886 610 ex
907 545 969 610 hoc
990 544 1199 632 Apophthe·

153 655 303 728 gmatum
318 641 391 708 loco
405 642 575 731 descripsit.
605 645 772 710 Pausanias
788 647 848 710 IX.
863 665 913 727 14.
940 645 1114 734 Appianus
1131 648 1198 734 Sy·

155 744 231 809 riae.
246 765 301 827 41.
324 747 473 835 quicum
495 748 652 835 Scipionis
671 749 816 814 Africani
835 748 972 837 Majoris
992 748 1087 815 fimili
1110 748 1199 814 facto

154 847 362 935 comparavit,
377 861 416 913 ut
428 863 503 913 ante
514 872 589 914 eum
602 864 839 937 comparaverat
853 841 1046 916 Plutarchus
1060 848 1096 914 in
1111 849 1197 914 utri·

153 951 253 1036 usque
276 950 361 1018 Vitis
385 951 555 1016 Parallelis.
601 951 674 1017 Fuit
700 953 796 1018 etiam
822 953 856 1018 in
882 952 1051 1018 rhetorum
1077 951 1197 1018 scholia

91 1140 95 1148 Ι
152 1053 340 1140 usurpatum
359 1067 599 1142 argumentum,
622 1071 660 1120 ut
679 1070 810 1142 apparet
829 1079 869 1120 ex
889 1055 1049 1120 Cicerone
1064 1055 1194 1120 Invent.

155 1157 184 1220 I.
197 1176 251 1242 33.
266 1157 320 1242 38.
357 1156 455 1244 Quod
474 1157 537 1223 hoc
551 1157 623 1223 loco
637 1157 716 1222 dicit
734 1157 973 1244 Epaminondas
995 1155 1196 1223 Laconicam

152 1259 348 1334 πεντακοσίοις
365 1263 492 1334 ἐνιαυτοῖς
511 1260 629 1347 ἀδῄωτον
649 1259 745 1340 οὖσαν,
764 1260 850 1325 idem
874 1259 1064 1326 Plutarchus
1086 1259 1121 1324 in
1143 1261 1195 1325 A·

152 1361 269 1447 gesilao
290 1360 370 1427 dicit
388 1384 420 1448 p.
438 1364 513 1448 613.
528 1363 566 1427 B.
582 1361 612 1439 ἦν
625 1364 675 1446 μὲν
690 1366 719 1441 δὴ
732 1362 831 1450 χςὸνος
845 1366 894 1426 οὐκ
909 1361 1026 1426 &Acirim
1040 1365 1111 1426 ἑτῶν
1125 1366 1194 1441 ἑξα-

154 1463 254 1526 κοσίων
263 1487 273 1541 ;
297 1486 369 1549 quae
384 1464 542 1529 diverfitas
563 1477 621 1529 aut
641 1488 660 1528 a
681 1464 814 1529 librariis
829 1465 928 1543 venit,
944 1478 1012 1543 aut,
1029 1464 1049 1528 fi
1064 1463 1196 1551 abipso

153 1565 306 1651 scriptore
325 1565 423 1644 venit,
446 1590 487 1631 ne
508 1567 541 1631 in
565 1566 628 1632 hoc
650 1566 781 1654 quidem
800 1567 914 1633 erroris
937 1567 1068 1632 nomine
1092 1589 1195 1654 argu-

153 1667 237 1731 enda
257 1668 320 1732 est:
350 1690 454 1754 neque
479 1670 511 1733 in
537 1670 633 1735 rebus
659 1671 700 1735 ab
726 1680 920 1757 argumento
945 1670 1026 1735 adeo
1055 1670 1195 1735 remotis

153 1772 238 1836 Vitae
254 1771 387 1858 scriptor
401 1772 523 1859 srngula
535 1774 630 1838 verba
647 1773 791 1860 praestare
805 1772 913 1837 debet.
951 1770 1015 1835 Sed
1033 1770 1074 1836 de
1095 1771 1195 1860 hujus

151 1873 216 1939 loci
234 1874 444 1962 chronologia
464 1875 671 1940 consulantur
694 1875 876 1941 Perizonius
899 1889 933 1938 et
953 1874 1139 1939 Schefferus
1153 1874 1197 1941 ad

151 1976 318 2042 AElianum
341 1976 364 2042 l.
381 1999 411 2042 c.
432 1991 504 2042 tum
522 2000 596 2043 vero
611 1977 840 2065 Weffelingius
862 1977 904 2043 ad
924 1975 1109 2043 Diodorum
1127 1978 1194 2043 Sic.

152 2080 227 2146 XV.
242 2083 295 2165 65.
330 2080 481 2166 Denique
493 2079 594 2158 olnlcaq
608 2078 664 2144 dat
679 2079 771 2144 Harl.

196 2202 269 2266 194.
286 2182 326 2245 C.
349 2181 417 2266 as]
450 2183 531 2246 Haec
553 2181 633 2246 item
654 2179 730 2247 hinc
752 2181 911 2269 descripsit
934 2180 1085 2247 AElianus
1112 2185 1196 2249 Var.

152 2284 232 2349 Hist.
248 2284 326 2349 XII.
342 2303 376 2370 3.
412 2283 481 2348 Alii
502 2283 671 2370 scriptores
690 2284 730 2348 de
749 2284 841 2349 obitu
860 2285 1094 2371 Epaminondae
1115 2287 1196 2351 uni-

152 2386 237 2450 verse
263 2385 480 2465 consentiunt,
504 2386 588 2450 hanc
614 2384 746 2473 ejusde
770 2386 941 2451 successore
966 2386 1196 2454 constituendo

151 2487 382 2574 cogitationem
398 2511 461 2552 non
477 2501 679 2552 memorant:
703 2511 733 2550 v.
749 2510 778 2552 c.
817 2489 916 2552 Corn.
937 2489 1051 2572 Nepos
1071 2490 1193 2575 Epam.

151 2590 211 2653 IX.
229 2593 272 2654 X.
296 2590 443 2654 Valerius
459 2592 548 2654 Max.
562 2590 625 2653 111.
639 2609 669 2653 a.
684 2591 757 2652 Ext.
768 2605 800 2672 5.
823 2589 963 2654 Iustinus
977 2592 1037 2652 Vl.
1048 2591 1079 2653 8.
1105 2592 1193 2657 Dio-

150 2690 247 2757 dorus
267 2692 331 2757 Sic.
349 2695 423 2756 XV.
440 2693 492 2775 87.
518 2705 552 2757 et
574 2692 629 2778 qui
654 2691 695 2754 ab
716 2713 754 2755 eo
770 2691 921 2754 citantur.
957 2692 1107 2756 AElianus
1133 2716 1197 2779 pro

149 2794 288 2857 Ἰολλίδαν
305 2793 360 2858 dat
373 2795 531 2858 Ἰολαΐδανε
556 2793 649 2858 nostri
663 2792 789 2857 codices
811 2795 841 2858 J.
857 2795 974 2857 Venet.
990 2794 1077 2857 Voss.
1094 2796 1196 2861 Harl.

149 2897 309 2959 Ὕολλίδαν.

195 3018 267 3083 194.
284 2999 324 3063 C.
348 3002 609 3062 nurtomnotr.
632 2998 685 3084 a‘.]
715 3001 764 3062 Ex
777 2999 856 3062 Vita
875 2996 1035 3082 Pelopidae
1058 3019 1092 3081 p.
1111 3018 1194 3086 279.

151 3101 200 3163 C:
227 3101 283 3163 ubi
306 3102 348 3165 est
373 3101 531 3184 Νικοδήμῳ·
556 3113 589 3163 at
612 3102 760 3183 Νικομήδει
785 3099 918 3164 retinuit
940 3099 1089 3163 AEliarrus
1111 3103 1197 3166 Var.

150 3203 231 3268 Hist.
247 3206 307 3267 XI.
319 3227 350 3288 9.
369 3204 423 3290 qui
438 3204 513 3266 hine
529 3203 699 3290 descripsit.

195 3326 267 3391 194.
285 3306 324 3370 C.
347 3307 402 3390 est]
431 3307 478 3368 Ex
492 3304 571 3369 Vita
589 3305 747 3391 Pelopidae
763 3328 795 3392 p.
814 3308 886 3369 288.
905 3306 943 3369 C.

195 3428 267 3493 194.
282 3411 325 3473 D.
348 3408 404 3493 γ’.]
432 3407 577 3471 Indidem
601 3409 725 3493 p..286.
741 3409 785 3471 D.
822 3408 986 3473 Tribuitur
1006 3409 1133 3473 Laconi
1159 3435 1196 3499 p.

151 3531 225 3596 234.
240 3513 278 3575 B.
309 3511 419 3575 Simile
436 3508 588 3574 Leonidae
605 3509 640 3592 ζ.
663 3533 696 3596 p.
714 3526 787 3594 225.
804 3510 842 3574 B.

196 3635 268 3696 194.
283 3616 327 3677 D.
351 3613 399 3696 32]
425 3611 572 3675 Indidem
589 3634 622 3696 p.
636 3631 709 3696 293.
725 3612 768 3674 A.

195 3734 267 3799 194.
283 3716 326 3777 D.
348 3715 393 3799 ε’.]
422 3713 568 3778 Indidem
586 3735 618 3798 p.
633 3733 706 3798 293.
723 3715 761 3777 B.

193 3836 266 3901 194.
278 3818 317 3878 E.
333 3817 383 3900 52]
410 3817 485 3880 Non
503 3815 641 3901 legimus
656 3815 688 3878 in
705 3815 793 3893 Vita,
811 3815 935 3880 sortasse
950 3813 1099 3880 omissum
1115 3820 1197 3884 cul.

148 3943 189 4005 pa
206 3918 333 3982 librarii.

193 4045 264 4110 194.
282 4026 319 4088 E.
348 4027 513 4085 emulor
540 4026 730 4084 Korl‘tor.
760 4021 813 4108 αἶ]
853 4023 972 4086 Plinius
998 4022 1079 4085 Hist.
1104 4026 1193 4093 Nat.

147 4128 273 4191 XVIII.
289 4146 328 4207 4:
353 4124 459 4187 ularii
474 4124 590 4209 quidem
608 4122 693 4187 Curii
710 4123 772 4210 post
786 4125 946 4212 triumphos
961 4125 1196 4214 inmensumque

147 4240 293 4292 terrarum
308 4227 454 4313 orsesium
472 4225 605 4313 insperso,
620 4238 690 4289 azoto
705 4225 799 4292 concio
813 4225 865 4313 ast:
890 4234 913 4266 “
926 4223 1119 4315 perniciosam
1133 4231 1191 4294 in-
