2692 4770
275 336 351 392 1000
462 331 502 392 D.
510 334 560 394 W.
581 335 788 404 ANIMADV.
808 338 855 398 IN
875 337 1104 407 PLUTaacffl

268 495 361 570 πνᾶτο,
376 490 458 572 csso,
472 496 521 559 ssi
536 499 589 558 scir
606 500 695 562 αὐτῶν
711 498 857 575 πολλάκις
874 497 1074 586 οὗπᾶχοντος.
1092 548 1095 555 ,
1110 501 1250 578 Etcum
1264 520 1305 567 ex

267 589 325 656 illo
342 592 426 674 loco,
450 610 520 660 tum
541 619 580 661 ex
602 598 777 665 Harleiano
790 614 824 664 et
844 600 1031 679 Meziriaco,
1054 600 1108 667 hic
1129 601 1299 689 corrigen-

267 692 346 759 dum
361 696 478 762 κολούων
493 719 550 784 pro
564 700 697 786 λοιδορεῖν·
720 722 913 789 quamquam
930 702 1054 767 sortasse
1067 701 1231 781 librarius,
1247 701 1299 769 nis

267 794 385 882 scripfit
404 800 496 874 φλοιὸν
516 797 608 886 δέρον,
627 799 783 888 originem
798 816 832 867 et
844 802 1018 868 obsoletam
1034 800 1297 890 significationem

266 897 351 961 verbi
373 898 459 985 sequi
480 898 590 979 voluit,
613 922 685 987 quae
708 902 750 965 est
772 900 853 966 λοῖονν
871 907 918 982 τὴν
939 905 1029 990 δορὰν,
1049 903 1173 990 perdm
1191 915 1296 982 caten,

265 996 380 1063 deinde
403 999 444 1063 ad
462 1000 685 1066 conviciandum
706 1004 884 1069 translatam
906 1018 944 1070 ut
965 1003 1136 1093 nupsisses,
1154 1016 1187 1071 et
1204 1002 1294 1068 Iati-

266 1122 343 1165 num
367 1115 497 1189 carpere,
521 1100 663 1180 lacerare,
688 1103 840 1169 vellicare.
877 1105 964 1170 Nam
986 1127 1090 1192 neque
1111 1109 1295 1191 νὴςμςΐνθᾳ

265 1201 437 1269 Plutarcho
454 1203 615 1283 usitatum,
637 1204 746 1290 potius
767 1227 786 1270 e
805 1205 912 1271 medio
928 1207 1081 1286 sumtum,
1094 1206 1150 1270 est.
1184 1204 1292 1271 Crete·

262 1325 334 1369 rum
350 1318 388 1367 ut
401 1302 521 1369 diversa
534 1302 618 1370 disis
636 1304 726 1391 ponit
746 1304 822 1372 alibi
844 1306 1031 1374 Plutarchus
1044 1308 1095 1372 De
1110 1306 1166 1372 Sui
1181 1306 1292 1372 hudo

262 1424 296 1489 p.
307 1421 384 1488 541.
395 1402 448 1466 D:
472 1400 560 1490 prius
572 1417 679 1468 autem
695 1403 817 1469 seorfim
831 1404 864 1470 in
879 1405 969 1493 Reip.
984 1408 1061 1472 Ger.
1078 1407 1236 1492 Prrecept.
1258 1427 1290 1493 p.

263 1504 338 1568 812.
355 1505 394 1568 B.
431 1505 491 1569 Pro
511 1503 640 1591 platano
656 1527 809 1591 quercum
829 1506 933 1593 posuit
952 1506 1098 1571 AElianus
1112 1508 1193 1572 Var.
1208 1506 1291 1573 Hisl.

263 1606 325 1669 IX.
344 1604 381 1681 18
393 1631 401 1669 r
424 1609 602 1689 Θεμοςοκλῆς
620 1610 634 1669 ὁ
655 1607 797 1682 Νεοκλέος
811 1610 904 1671 ἑαυτὸν
918 1606 1010 1690 οἷκαζο
1022 1611 1083 1682 τοῖς
1097 1608 1185 1694 lpwl,
1201 1606 1292 1694 λὀγι

262 1705 303 1771 ὅτι
324 1705 424 1782 ἐκείνοις
444 1706 609 1796 ὑπίςχοποο
625 1712 651 1771 οἶ
667 1705 801 1789 ἄνθρωπον
822 1706 868 1788 ml
885 1708 988 1790 δέοντος
1001 1713 1089 1773 αὐτῶν
1103 1707 1167 1773 ὅταν
1183 1707 1229 1797 rip,
1244 1709 1290 1784 ri·

261 1834 314 1895 γην
326 1812 358 1871 lx
371 1816 424 1873 τῶν
440 1809 547 1873 κλάδον
559 1813 714 1888 ποθοῦντος,
737 1807 801 1872 ὅταν
819 1810 845 1873 li
864 1808 942 1887 οὔσης
962 1809 1048 1883 eslius
1068 1809 1210 1894 σοφίοοσο,
1224 1810 1290 1874 rs).-

260 1923 344 1976 λοσνν
358 1908 504 1991 01eron
517 1918 698 1996 asprandus·
723 1907 853 1995 aliquid,
866 1908 992 1995 opinor,
1008 1909 1040 1973 in
1054 1910 1214 1996 excerptis
1230 1910 1291 1976 suis

261 2010 418 2091 turbavit3
442 2024 564 2076 namet
582 2011 725 2096 proxime
746 2025 906 2074 nonatum
930 2009 1127 2076 dehortantis
1148 2032 1169 2075 a
1186 2010 1239 2076 vis
1252 2009 1291 2077 ad

260 2112 399 2178 tribunal
420 2112 554 2192 serente,
568 2111 771 2177 Themistocli
788 2110 948 2198 adjicitur,
969 2111 1046 2176 licet
1064 2112 1291 2179 Demosthenis

259 2213 298 2278 fit
309 2210 349 2277 de
364 2233 430 2298 quo
443 2210 585 2298 proxime
598 2211 718 2297 agitur,
731 2210 823 2296 eique
834 2211 948 2288 diserte
962 2212 1116 2300 tribuitur
1126 2234 1146 2277 a
1163 2212 1289 2305 Plutar-

259 2314 323 2380 cho
338 2313 372 2377 in
387 2312 455 2401 ejus
468 2312 545 2378 Vna
562 2335 595 2399 p.
611 2312 685 2396 858.
703 2312 744 2377 C.
760 2313 907 2377 Platonas
922 2313 1018 2377 etiam
1040 2314 1143 2399 fertur
1157 2314 1189 2378 in
1205 2314 1289 2403 ejus·

259 2416 335 2481 dem
362 2413 543 2502 argumenti
565 2413 683 2479 Fabula
705 2415 856 2501 AEsopica
877 2415 1006 2480 CCLV.
1034 2414 1113 2490 edit.
1138 2415 1291 2480 Nevelet.

258 2539 356 2605 quam
370 2539 409 2582 ex
423 2516 486 2581 hoc
499 2514 718 2582 Themistoclis
732 2515 817 2580 dislo
835 2515 966 2581 Babrius
988 2514 1134 2579 formasse
1151 2514 1291 2580 videtur.

260 2622 469 2704 Frequentem
485 2615 518 2680 in
533 2615 644 2681 Attica
659 2615 747 2680 fuisse
766 2616 896 2703 colligat
917 2616 988 2701 quis
1010 2639 1049 2681 ex
1069 2615 1292 2703 Theophrasto

259 2721 339 2785 Hist.
356 2719 458 2784 Plant.
475 2719 503 2781 l.
521 2737 572 2781 12.
602 2718 703 2782 Plinio
726 2719 805 2782 Hist.
822 2720 898 2782 Nat.
915 2719 993 2783 XII.
1007 2736 1040 2803 5.
1077 2717 1292 2805 Aristophane

257 2823 347 2888 Nub.
365 2839 458 2901 1004.
489 2818 620 2883 Platone
634 2819 756 2884 Phaedr.
773 2837 806 2904 p.
820 2837 896 2903 337.
912 2822 946 2884 F.

304 2922 425 3008 185.'E.
448 2919 490 2983 ιδ’.
505 2921 574 2993 Τοὺς
588 2920 616 2981 δὲ
629 2922 827 3006 Ἑςοτρνεῖς-]
855 2922 892 2983 ln
915 2920 993 2984 Vita
1011 2919 1234 2986 Themistoclis
1256 2944 1290 3010 p.

261 3022 333 3089 118.
348 3023 391 3087 A.
426 3021 525 3108 Quod
541 3018 656 3084 τευθίδα
676 3021 719 3084 ait
742 3021 857 3086 babere
875 3020 1034 3109 μάχαιραν,
1049 3023 1204 3109 fignificat
1218 3023 1291 3112 ejus

256 3121 456 3211 ,οτροὸοο-κίὸας.
494 3123 545 3186 De
566 3122 630 3185 hoc
652 3121 801 3206 pisciculo
823 3121 1006 3187 Aristoteles
1029 3124 1111 3187 Hist.
1128 3127 1193 3188 An.
1213 3127 1243 3191 1.
1259 3128 1290 3191 6.

257 3228 316 3292 IV.
333 3240 369 3293 et
384 3225 504 3291 Carnus
520 3224 550 3288 in
567 3222 664 3287 Notis
678 3222 718 3287 ad
733 3223 860 3288 Aristot.
875 3225 913 3288 Τ.
929 3225 973 3287 ΙΙ.
990 3246 1066 3288 voce
1083 3225 1219 3291 Calmar.

301 3328 372 3412 185.
389 3326 425 3390 Ε.
448 3325 490 3390 ιε’.
512 3327 591 3390 ’Fan
613 3327 640 3388 li
663 3326 826 3410 ἔξέποσμ]
852 3325 928 3389 Vita
941 3324 1143 3390 Themistocl.
1161 3347 1195 3413 p.
1217 3330 1289 3395 126.

258 3429 298 3515 β.
335 3430 387 3493 De
402 3425 640 3521 comparatione
656 3425 837 3513 hujusmodi
852 3427 989 3491 diximus
1005 3450 1038 3513 p.
1050 3446 1106 3506 42.
1120 3429 1166 3492 D.

274 3550 278 3557 ·
301 3531 373 3613 185.
389 3530 425 3593 F.
448 3527 494 3604 ις’.
509 3528 654 3616 'lissum
675 3528 758 3612 δὲ-]
787 3527 932 3592 Indidem
956 3532 1027 3592 126.
1042 3529 1087 3593 D.
1109 3528 1212 3595 verbis
1236 3547 1289 3598 ts·

254 3650 329 3698 men
345 3629 474 3714 paulum
497 3627 687 3693 immutatis.
725 3628 862 3693 Uberius
877 3650 934 3713 per
946 3628 1053 3692 literas
1071 3650 1091 3692 a
1110 3631 1199 3715 Rege
1215 3633 1288 3698 col·

252 3730 398 3819 loquium
421 3731 552 3818 petiisse,
575 3732 686 3795 audior
698 3732 741 3794 est
754 3728 958 3816 Thucydides
982 3730 1199 3814 1·137·138;
1224 3755 1286 3798 cu-

246 3832 303 3922 jus
318 3833 426 3896 locum
447 3831 573 3918 reponit
587 3832 687 3896 Corn.
703 3830 814 3916 Nepos
837 3830 868 3892 in
886 3829 1001 3893 linem.
1023 3831 1104 3916 Cup.
1123 3832 1183 3894 IX.
1226 3837 1288 3900 Pm

251 3938 286 4008 οὖς
300 3933 430 4011 βοόλοτας
450 3935 527 3998 Jun.
548 3931 602 3995 dat
623 3933 654 3992 δι’
674 3933 780 4004 lauris,
803 3928 894 3993 Harl.
917 3930 1075 4008 ὃνίὂοιοτοῦ·
1099 3931 1187 4015 quod
1211 3934 1287 3999 sane

251 4033 506 4124 praeferendum:
530 4032 583 4096 hic
604 4044 710 4096 totum
731 4029 837 4095 locum
860 4031 905 4093 its
927 4030 1069 4111 exhibet,
1083 4034 1118 4106 ὥς
1137 4033 1170 4093 δι’
1184 4040 1287 4100 ἑαυτοῦ

249 4138 328 4222 alpi
350 4137 382 4198 δι’
402 4135 479 4221 ἑτέρον
500 4134 650 4210 ποιήσαντο
671 4136 718 4210 τὴν
739 4131 864 4210 ἔντευξιν,
887 4129 981 4217 idque
1001 4132 1169 4198 confirmat
1189 4134 1288 4203 locus

248 4237 282 4303 in
304 4237 380 4305 Vita
400 4237 514 4303 Them.
537 4235 655 4299 ἰοοοιοτόν
675 4234 866 4317 αἰτησάμενος,
890 4234 911 4318 ’lt
933 4237 981 4311 cris
1006 4235 1133 4320 Περσίδα
1153 4242 1286 4320 γλῶτῖοιν
