2692 4770
333 320 386 380 oa
407 320 723 382 surnnsnmouu.
745 322 895 398 prono,
908 321 941 380 a.
1073 329 1145 386 ton

123 479 261 544 versariis
283 481 362 546 meis
385 496 495 549 notata
516 484 683 571 occupavit
694 509 707 551 ,ο
737 483 816 551 illud
837 483 871 551 in
894 481 1054 549 Plutarchi
1072 481 1148 546 loco

121 581 277 668 ἂλεοθερὶαν
290 587 449 666 ἀπογνοῦσι,
465 607 529 649 non
543 585 616 649 satis
630 585 812 670 expeditum
827 583 964 670 judicat,
980 581 1067 668 quod
1081 604 1146 651 non

120 697 271 766 appareat
297 683 374 767 quid
403 684 444 748 ad
475 684 690 749 venditionem
721 683 955 771 impetrandam
988 681 1148 768 pertinere

121 782 213 865 poffit
227 782 380 848 libertatis
395 785 580 870 desperatio.
616 785 717 871 Atqui
733 808 792 851 nec
808 785 995 853 Plutarchus
1010 785 1056 848 ita
1070 806 1146 870 pro·

121 884 252 948 nunciat
273 900 310 949 ut
328 886 482 953 libertatis
503 885 676 971 desperatio
691 886 740 951 vel
760 884 917 954 abdicatio
939 885 972 951 in
994 898 1146 972 perpetu·
1279 976 1281 980 ,

120 1005 188 1064 um,
209 986 355 1053 habuerit
373 989 436 1053 vim
458 988 651 1073 conditionis
670 989 711 1053 ad
733 987 965 1075 impetrandam
988 987 1145 1055 venditio·

120 1107 214 1150 nem:
238 1088 291 1172 sed
305 1104 341 1153 ut
356 1089 459 1154 caussa
472 1089 569 1155 suerit
585 1089 734 1167 efficiens,
750 1088 900 1174 liquidem
916 1088 990 1152 servi
1006 1111 1071 1168 non
1085 1087 1146 1153 ali·

120 1205 172 1248 am
196 1186 353 1265 rationem
377 1187 520 1253 videntes
541 1188 713 1274 effugiendi
738 1187 898 1273 praesentia
922 1186 1056 1267 domini,
1080 1209 1145 1267 non
1250 1250 1252 1255 ⁴

118 1284 248 1370 quidem
270 1288 449 1354 libertatern
472 1290 503 1353 in
526 1304 717 1375 perpetuum
739 1288 931 1375 abjurarent,
951 1288 1004 1360 sed
1026 1288 1147 1357 interea

119 1384 196 1449 dum
209 1409 281 1452 eam
300 1389 470 1473 sperarent,
486 1413 546 1454 nec
562 1390 639 1456 dum
654 1389 815 1467 consecuti
834 1389 943 1468 effent,
958 1390 1145 1475 praesentem

119 1486 300 1555 servitutem
325 1513 399 1554 cum
421 1491 483 1556 alia
505 1491 649 1555 servitute
671 1503 918 1557 commutarent.
953 1492 994 1555 Et
1016 1512 1088 1566 vero
1111 1490 1145 1555 in

119 1586 181 1652 hoc
196 1588 276 1653 libro
291 1613 354 1654 non
369 1591 477 1654 omnia
499 1590 539 1654 ad
561 1591 761 1657 dialcdticam
778 1590 974 1669 severitatem
990 1589 1147 1676 exigendo

119 1688 211 1768 sunt3
246 1691 503 1777 quandoquidem
534 1691 722 1760 Plutarchus
750 1713 813 1755 non
840 1691 943 1777 magia
967 1690 1148 1777 philosophi

120 1810 215 1877 quam
237 1791 370 1855 oratoris
391 1792 554 1879 personam
571 1792 715 1878 suscepit.
753 1791 888 1856 Fortasse
909 1792 1004 1856 etiam
1027 1792 1148 1879 aliquid

120 1913 224 1956 mores
239 1892 271 1956 in
287 1892 347 1957 hac
362 1893 433 1980 lege
448 1893 657 1971 mutaverint3
681 1891 833 1978 squidem
846 1907 879 1956 et
897 1907 970 1958 ante
986 1891 1148 1965 Plutarchi

120 2004 247 2058 aetatem
255 1992 325 2080 jam
339 1994 425 2080 apud
439 1994 517 2058 alios
532 2016 658 2080 quoque
671 1993 769 2057 valuit
781 1993 930 2080 populos,
944 2006 982 2058 ut
995 1993 1147 2081 colligere

118 2092 196 2159 licet
215 2116 254 2159 ex
277 2095 417 2160 Philonis
439 2095 511 2162 loco
532 2098 583 2161 De
605 2097 683 2159 Vita
702 2095 886 2189 Contempl.
909 2119 942 2187 p.
959 2097 1032 2184 892.
1048 2098 1089 2162 C.
1111 2111 1147 2173 et

118 2194 222 2280 postea
238 2196 395 2260 Antonini
410 2195 540 2261 Casaris
555 2196 718 2282 Rescripto
733 2196 867 2283 probata
884 2220 921 2262 ac
938 2211 1079 2287 recepta,
1094 2220 1146 2281 re·

118 2288 183 2358 lata
197 2295 276 2360 item
291 2297 332 2360 est
347 2319 367 2359 a
380 2297 555 2362 Justiniano
569 2297 707 2362 Institut.
725 2300 751 2360 Ι.
767 2299 798 2361 8.
812 2317 843 2363 a.

164 2399 235 2463 166.
250 2399 295 2463 D.
322 2401 393 2486 παρ’
415 2397 449 2461 ὦν
471 2398 623 2481 αἰτούμεθα
643 2398 928 2486 πλοῦτον-ἄρξων]
954 2399 1092 2467 Publice
1105 2400 1148 2467 ad

119 2500 207 2564 Deos
227 2499 329 2584 precis
345 2500 414 2565 haec
435 2501 476 2563 ell
493 2501 624 2563 materia
638 2499 744 2585 potius
761 2523 855 2586 quam
872 2502 1029 2578 formula;
1051 2504 1146 2591 quip-

119 2620 158 2684 pe
175 2597 218 2662 nil
234 2598 332 2663 habet
347 2600 380 2662 in
399 2602 492 2663 rebus
514 2599 641 2679 insoliti,
663 2621 721 2663 nec
741 2599 772 2663 in
794 2600 894 2663 verbis
912 2600 1025 2691 prisci3
1049 2603 1145 2690 fiqui-

119 2698 193 2764 dem
207 2714 241 2764 et
254 2699 368 2786 ὄρθοσις
382 2722 440 2794 pro
454 2700 624 2784 aarspharn
638 2700 817 2786 usurpatur.
839 2702 948 2788 Atque
963 2703 1008 2766 ita
1023 2702 1147 2771 Plutar-

118 2801 199 2865 chus
225 2800 300 2865 alibi
326 2823 458 2888 precum
487 2800 653 2864 materiam
679 2801 822 2888 attingit,
849 2826 876 2864 ν.
895 2824 925 2866 c.
950 2825 983 2889 p.
1004 2806 1078 2869 688.
1101 2807 1146 2871 A.

121 2905 214 2986 1064.
230 2906 273 2968 D.
293 2918 384 2989 10772
400 2904 443 2968 C:
467 2918 500 2968 at
516 2902 704 2967 nominatim
720 2903 865 2989 quaedam
880 2903 1025 2969 formulae
1039 2907 1146 2988 verba,

120 3024 139 3072 2
186 3012 250 3073 .A.

139 3027 234 3171 3366.
250 3108 288 3171 E.
312 3107 389 3184 Δονῆ
407 3132 448 3181 τις
469 3106 598 3191 ἂνδρὶὲ]
624 3104 710 3169 Hinc
725 3103 757 3168 in
773 3107 929 3192 Excerpta
945 3109 1145 3174 lacertorum

118 3207 326 3293 Tragicorum
341 3207 450 3271 retulit
465 3208 595 3271 Grotius
611 3227 643 3291 p.
655 3206 735 3288 465:
759 3218 793 3268 at
812 3206 876 3291 ipsa
897 3206 995 3271 dictio
1017 3208 1146 3295 Euripi.
1265 3238 1268 3245 -

118 3306 192 3370 dem
216 3307 341 3391 prodit3
373 3307 425 3372 cui
440 3306 552 3393 procul
567 3306 665 3370 dubio
681 3305 740 3369 hoo
754 3306 858 3369 versus
871 3299 1056 3373 tribuendos
1069 3331 1147 3395 pro·

119 3408 281 3472 nunciavit
296 3407 526 3473 Valckenarius
547 3406 586 3470 ad
610 3406 754 3470 Phoenill.
770 3425 846 3492 393.
879 3410 988 3493 Atque
1005 3408 1146 3495 ejusdem

119 3508 274 3572 fimillima
288 3509 330 3572 est
345 3509 500 3573 sententia
519 3507 552 3570 in
574 3506 703 3585 Medea,
721 3527 784 3592 542
809 3512 941 3595 Χρηςοῖσι
957 3510 1059 3584 δούλοις
1072 3513 1145 3594 ξομ-

118 3615 187 3696 φορᾶ
200 3615 238 3674 σοὶ
252 3613 386 3673 δεσποτῶν
399 3614 502 3683 Karnaia
518 3616 669 3673 ποτνοῡντα
685 3609 732 3671 καὶ
748 3617 845 3696 φρενῶν
859 3610 1030 3689 dehelaim.
1068 3612 1147 3697 lude

118 3715 278 3801 profedtus
303 3714 466 3778 Philemon
488 3735 541 3799 ap.
556 3714 647 3777 Stob.
662 3713 726 3777 lit.
743 3714 813 3776 LX.
836 3735 869 3800 p.
884 3701 968 3799 384:
992 3716 1089 3779 Κακᾶν
1105 3714 1146 3791 lfa

118 3816 203 3901 δούλῳ
217 3816 344 3893 δεσπότης
360 3814 498 3900 πράσσων
512 3821 613 3888 κακῶς·
638 3813 777 3898 Μοτέχεον
792 3814 901 3898 ἀνάγκη
914 3823 968 3878 τῶν
982 3825 1074 3881 κακῶν
1087 3820 1147 3905 γὰρ
1236 3861 1238 3866 -

117 3918 232 4003 γίνεσοο·
255 3940 352 4003 quem
370 3930 551 4003 opportune
567 3915 715 3980 Kusterus
729 3916 921 4001 comparavit
935 3939 1009 3981 cum
1025 3918 1146 3983 Aristo·

117 4019 232 4104 phanis
247 4017 330 4081 Pluti
343 4016 448 4096 initio,
464 4020 496 4080 in
512 4039 577 4103 quo
591 4015 687 4101 hujus
702 4015 795 4101 ipsius
809 4016 988 4104 Euripideae
998 4016 1147 4082 dictionis

118 4119 247 4205 parodla
261 4131 403 4204 apparet,
416 4121 469 4193 Ὠς
481 4119 621 4205 ἆργᾶλεον
634 4120 751 4203 πρᾶγμ’
766 4122 832 4198 igar,
846 4115 868 4182 d
883 4122 937 4184 Ζεῦ
951 4120 973 4206 νζ
987 4120 1057 4200 θεοὶ,
1071 4125 1146 4183 Act-

118 4235 165 4283 λον
179 4219 298 4305 γενέθον
311 4225 547 4305 παραφρονοῦντος
561 4219 733 4282 δεσπᾶνο-.
956 4218 960 4230 '

592 4338 648 4404 3'1‘
663 4339 684 4390 ²
