2692 4770
87 258 90 263 ’
229 274 306 335 nno
375 276 1015 338 u.w.nu1unnv.1nr1urnncn1
1036 271 1110 336 1113.

229 437 343 503 Utitur
364 438 552 505 Plutarchus
573 440 607 506 in
629 442 670 507 C.
686 440 834 506 Graccho
852 462 885 526 p.
900 441 975 521 840.
991 440 1030 504 C.
1058 436 1125 502 Dio
1139 433 1260 524 Chrys.

228 537 288 602 Or.
304 540 442 604 LXXX.
457 563 491 627 p.
508 543 583 628 669.
596 542 637 607 C.
660 539 841 628 >Originem
863 562 939 604 cum
959 537 1050 604 variae
1071 536 1262 602 eruditionis

227 639 321 727 eopia
340 641 447 727 prodit
469 643 632 708 Zenobiae
652 643 760 728 1185.
782 641 869 707 unde
890 640 946 705 sua
967 640 1065 705 hebet
1089 638 1204 703 Suideo
1226 650 1263 702 et

227 742 344 826 partim
357 743 550 828 Apostolius.
574 745 659 810 Nam
671 743 757 830 apud
773 743 1011 830 Diogenianum
1021 740 1161 823 vl11.5.
1178 738 1261 826 Σαρ·

228 839 316 917 talam
339 842 440 928 γόλονς·
464 846 506 908 inl
531 853 585 909 τῶν
603 844 745 932 χαιρόοης
767 846 862 929 ψυχῆς
884 842 1040 928 γελώντων·
1071 838 1159 925 quod
1176 839 1263 904 bonu

229 941 291 1008 fide
305 944 467 1011 redditur:
491 947 527 1009 de
542 945 579 1009 iis
594 946 647 1034 qai
660 947 757 1010 animo
771 944 864 1008 hilari
881 945 992 1008 rident.
1027 939 1189 1006 Addeudu
1201 963 1263 1005 ne·

226 1043 329 1130 gatiO,
342 1058 380 1110 ut
393 1047 429 1109 fit
443 1046 485 1110 inl
498 1054 553 1110 τῶν
566 1050 596 1109 ui
605 1045 758 1133 χαιροότης
771 1048 866 1131 ψυχῆς
878 1044 1035 1130 γιλῶντοον.

274 1146 345 1232 169.
361 1147 406 1211 D.
425 1145 518 1222 τέτοις
529 1146 704 1233 οιοιιιμόνοις]
731 1145 867 1211 Fortaffe
880 1144 1016 1208 Dativua
1030 1142 1083 1208 hic
1098 1142 1262 1209 nonnullis

228 1264 329 1309 novus
341 1246 483 1327 accidat3
501 1247 618 1334 quippe
632 1248 652 1312 fi
667 1270 687 1312 a
699 1254 828 1332 γελῶντα
842 1244 1007 1334 penderet,
1019 1244 1160 1330 requirat
1175 1246 1261 1316 Prie·

229 1348 415 1432 pofitionem
437 1351 534 1421 veluti
554 1359 683 1435 γιλῶντοι
701 1351 744 1413 tri
764 1351 868 1425 reiron
888 1348 1006 1435 γόλιοτοι
1027 1348 1067 1413 Σ.
1091 1350 1139 1415 vel
1163 1353 1261 1434 ὲτιγι-

228 1456 321 1512 λῶντα
333 1451 437 1525 τούτοις
450 1479 485 1537 γ.
498 1451 539 1517 Σ.
569 1453 668 1516 Nunc
689 1449 918 1537 intelligendus
937 1451 980 1515 est
999 1448 1138 1515 Dotivus
1153 1450 1260 1537 Conse·

227 1549 369 1635 quentia,
397 1551 453 1636 qui
479 1550 610 1616 subinde
634 1574 654 1616 a
682 1550 852 1616 Plutarcho
879 1573 937 1637 pro
961 1549 1113 1617 Genitivo
1137 1551 1262 1617 Conse·

228 1646 368 1733 quentioe
382 1649 563 1715 adhibetur.
600 1649 702 1738 Cujus
715 1648 988 1715 animadverfionis
1002 1649 1199 1717 documento
1213 1652 1260 1717 sa-

228 1746 270 1813 tio
283 1748 327 1813 est
338 1748 428 1816 locos
440 1750 570 1830 notaffe‚
583 1771 664 1838 quos
677 1751 733 1816 suo
748 1750 812 1838 ipse
824 1750 957 1838 quisque
971 1750 1072 1816 studio
1086 1752 1260 1837 pervolvat.

226 1851 315 1937 Ergo
328 1849 363 1916 hi
376 1850 449 1918 sunt
462 1851 564 1917 nostru
576 1850 708 1939 quidem
723 1850 897 1917 sententia:
921 1852 1008 1939 Opp.
1023 1854 1111 1918 Mor.
1130 1855 1203 1919 116.
1219 1854 1259 1918 B.

227 1950 296 2018 vit.
321 1970 395 2040 129.
415 1954 456 2019 C.
481 1973 554 2041 149.
573 1955 614 2020 Ε.
637 1955 711 2022 268.
732 1953 776 2019 A.
802 1954 878 2038 385.
899 1954 938 2019 B.
959 1955 1035 2039 386.
1056 1955 1100 2022 D.
1124 1970 1199 2039 710.
1216 1955 1258 2020 C.

229 2067 304 2137 727.
316 2054 356 2118 E.
373 2071 447 2140 733.
461 2056 496 2120 F.
512 2070 550 2140 73
553 2056 635 2140 5.Β.
655 2048 756 2120 'Nam
771 2053 970 2140 aliquantum
985 2075 1005 2119 a
1018 2054 1174 2140 praesente
1187 2055 1261 2122 loco

227 2151 380 2218 differunt
392 2154 462 2218 aliae
476 2153 634 2221 rationesr
657 2153 768 2234 veluti,
782 2153 921 2218 συνελόντι
934 2159 1024 2234 riwin,
1039 2153 1081 2220 de
1095 2177 1162 2242 quo
1174 2159 1196 2224 J
1199 2205 1207 2221 .
1223 2160 1260 2223 F.

228 2256 445 2344 Heufiugerur
466 2256 507 2322 ad
526 2257 688 2324 Plutarch.
703 2259 755 2324 De
769 2255 905 2324 Educet.
924 2279 958 2344 p.
976 2258 1048 2322 108.
1065 2271 1121 2323 aut
1142 2259 1204 2342 ἑμοό
1223 2287 1260 2347 γι

226 2357 322 2444 ιιριτῇο
344 2368 403 2423 aut
423 2356 604 2446 cujusmodi
624 2359 667 2422 est
689 2357 874 2444 conjunctio
892 2356 1002 2422 Dativi
1016 2379 1093 2422 cum
1108 2359 1260 2426 Genitivo

228 2458 475 2546 Consequentiae
488 2459 649 2526 observata
659 2459 836 2526 Abreschio
847 2460 1019 2534 Aniiuadv.
1031 2461 1176 2551 AEschyl.
1185 2464 1259 2530 Lib.

270 2668 343 2752 169.
358 2669 396 2731 E.
419 2665 509 2741 Πόλις
528 2669 549 2729 δ’
568 2667 689 2751 όμοῦ-]
718 2665 886 2752 Sophoclis
909 2664 1025 2752 OEdip.
1039 2666 1116 2752 Tyr.
1130 2686 1171 2748 4:
1198 2691 1259 2733 no·

225 2766 298 2831 bilin
312 2767 415 2848 locus,
429 2767 469 2832 de
484 2790 549 2853 quo
564 2768 700 2833 diximus
715 2788 749 2854 p.
759 2783 813 2854 95.

271 2871 343 2954 169.
359 2870 397 2932 Ε.
421 2869 581 2955 Ποθαγόρν
595 2869 733 2954 λόγον-]
761 2867 948 2932 Plutarchus
962 2867 1090 2932 neren.
1107 2868 1202 2934 Orac.
1224 2891 1259 2955 p.

223 2987 300 3053 413.
317 2970 356 3033 B.
378 2969 411 3032 in
432 2969 521 3033 simili
543 2982 755 3056 argumentor
778 2966 831 3040 όςι
846 2973 922 3032 κοντοὶ
942 2968 1041 3056 κρότος
1063 2970 1261 3056 ἐξιλέγχεθσς

222 3073 269 3134 τὸν
292 3071 460 3155 Πυθαγόραν
480 3071 599 3150 εἰπόντα,
621 3071 754 3151 βελτόςιις
775 3078 877 3134 ἑαυτῶν
898 3072 1015 3158 γίιιθορ
1035 3073 1096 3146 τοὺς
1111 3075 1259 3160 ἀνθρώποις

121 3261 124 3265 .
224 3171 289 3237 ότιιν
302 3175 366 3260 πρὸς
381 3197 429 3247 τος
443 3174 519 3246 θεοὺς
533 3172 691 3252 βαδίζωσιν.
716 3172 865 3237 Refertur
879 3172 943 3237 huc
958 3174 1095 3238 narratio
1109 3176 1259 3261 Scripto-

224 3274 267 3339 ris
287 3275 406 3340 Incerti
427 3277 479 3338 De
497 3275 573 3340 Vita
589 3275 779 3363 Pythagorae
800 3276 887 3361 apud
904 3276 1066 3357 Photium,
1090 3279 1122 3359 ξ.
1136 3295 1177 3362 5:
1197 3278 1257 3341 Ἕ-

224 3393 307 3464 λεγον
325 3380 352 3442 δῖ
367 3380 413 3442 τὸν
431 3376 571 3463 ἄνθρωπον
590 3381 671 3442 αὐτὸν
689 3385 785 3442 ἑαυτοῦ
799 3380 903 3459 βελτίω
917 3384 993 3443 κατὰ
1006 3387 1075 3465 τρέις
1088 3382 1189 3465 τρόπιος
1203 3383 1257 3467 γό-

180 3492 187 3503 ’
223 3489 317 3561 ννθνιι·
344 3482 526 3570 πρῶτονμὲν
546 3487 580 3568 τῇ
600 3482 696 3567 όριιλόᾳ
716 3487 750 3567 τῇ
772 3485 844 3569 πρὸς
864 3486 927 3557 τοὺς
949 3484 1036 3559 θεούς·
1064 3485 1174 3570 ἀνάγκη
1196 3491 1258 3573 γὰρ

219 3584 377 3670 ρροσιόντοι
391 3585 494 3662 αὐτοῖς,
511 3587 573 3646 κατ’
587 3587 669 3647 insita
682 3591 789 3669 mpori,
805 3583 968 3670 χοιρόζεθαρ
985 3586 1066 3648 witin
1086 3587 1184 3664 σίντης
1198 3614 1257 3650 οια-

224 3685 297 3762 nias,
320 3689 355 3759 εἷς
373 3686 483 3766 δύναμιν
505 3689 635 3767 iporeium
652 3686 798 3770 ἑαυτόντῷ
810 3690 876 3770 θεῷ.
908 3686 1022 3750 Cicero
1043 3687 1095 3750 De
1112 3691 1191 3773 [aeg.
1209 3688 1257 3753 ll.

226 3806 283 3849 11:
314 3786 360 3850 Et
382 3785 463 3849 illud
482 3785 551 3849 bene
572 3786 682 3850 diuum
704 3785 780 3870 esta
801 3787 986 3874 Pythagora,
1000 3788 1154 3874 dotiffmo
1175 3791 1257 3870 viro,

222 3899 284 3952 tum
306 3886 432 3949 maxime
452 3899 480 3949 et
498 3888 638 3974 pietatem
652 3898 680 3949 et
698 3885 866 3973 religionem
880 3891 996 3974 versari
1011 3892 1042 3952 in
1056 3891 1175 3971 animis,
1191 3918 1259 3958 crem

221 3989 307 4052 rebar
322 3987 435 4051 divinis
447 3979 563 4076 operata
576 3989 723 4052 daremus.
747 3987 868 4054 Seneca
879 3990 974 4075 Epist.
987 3992 1110 4056 XCIV.
1127 4014 1160 4077 p.
1171 4014 1189 4077 3
1193 4012 1254 4077 52:

222 4091 409 4176 Pythagoras
422 4089 479 4167 ait,
496 4087 590 4153 alium
611 4091 743 4153 animam
752 4087 830 4175 fieri
848 4091 1030 4154 intrantibus
1048 4091 1080 4154 in
1101 4096 1255 4181 templum,

219 4192 393 4278 deorumque
402 4190 571 4276 fimulacra
585 4216 621 4258 cn
634 4191 731 4256 vicino
746 4193 939 4274 cernentibus,
956 4207 983 4257 et
998 4194 1123 4283 alicujus
1139 4200 1245 4262 oracul
1250 4200 1257 4212 '
