2692 4770
227 329 289 403 956
405 324 458 391 l).
471 331 523 391 W.
543 330 753 393 ANJMADv:
772 330 820 390 IN
840 326 1073 391 PLUTARCHI
1101 330 1114 349 ''

271 514 304 579 p.
317 505 389 578 154.
404 492 448 559 A.
470 493 673 582 τροῦόοίλομσν]
692 494 753 561 Sic
767 487 852 559 'Ald.
874 492 945 558 Bas.
969 492 1083 578 steph.
1118 491 1167 555 At
1179 489 1262 580 στρό-
1338 482 1340 487 ’

228 590 370 675 θάλλομιν
390 594 434 659 A.
450 596 568 661 Vener.
583 596 671 661 Vols.
690 593 782 660 Harl.
801 613 843 661 2:
865 591 1006 678 τρέόοιοον
1020 590 1263 679 Χγ1.οτροόοίλσ·

227 722 279 778 μεν
302 697 337 760 Ρ.
373 694 567 783 προόλίημοιτα
588 720 702 785 margo
721 695 808 763 Vols.
833 693 970 784 στρόότιλε
988 696 1039 777 μὲν
1059 695 1096 758 Β.
1120 693 1214 759 Harl.
1232 714 1261 759 1.

228 796 376 885 οροόόαλε
388 800 439 882 μὶν
449 798 569 886 Όμηρος
584 790 674 865 Mea.
691 808 694 814 ’
868 796 876 806 ⁷
1026 810 1029 815 ’
1042 801 1045 806 ’

274 900 346 985 154.
362 900 405 964 A.
421 898 534 983 ὅςφησν
550 901 660 988 Λίχης]
676 901 778 967 Harl.
795 920 825 965 1.
842 921 873 968 2.
887 899 923 976 ὥς
936 919 1004 982 φασι
1020 899 1126 985 Λίχης·
1150 898 1262 963 Α11011.

229 999 369 1066 Vulcob.
385 992 505 1088 Λίσχος
520 1001 554 1078 ὥς
567 1007 644 1088 φησι.
682 1000 747 1068 Sed
758 1003 834 1067 brec
847 998 924 1067 licet
938 999 1021 1064 forte
1033 999 1262 1088 argumentum

227 1103 394 1187 prebeant
415 1102 620 1191 conjetturae‚
643 1117 752 1169 tamen
774 1102 968 1169 verisimilius
991 1102 1033 1167 est
1055 1100 1262 1189 κσὶσροόόαλσ

220 1199 359 1291 Ὅμηρος,
381 1206 445 1288 φησὶ
470 1205 578 1293 Λίχης.
624 1200 778 1272 Leschem
803 1204 893 1270 fuiffe
917 1203 1109 1291 Olympiade
1136 1203 1263 1267 circiter

228 1303 339 1368 XXX.
361 1304 446 1370 testis
460 1306 505 1370 est
515 1306 672 1372 Eusebiris
686 1307 718 1370 in
734 1306 910 1385 Chronico,
927 1326 987 1370 nee
999 1305 1042 1369 est
1057 1328 1155 1392 quare
1171 1305 1264 1369 aliter

228 1406 421 1487 statuamus3
458 1406 499 1472 de
526 1409 597 1497 ejus
623 1405 746 1494 scriptia
770 1408 918 1495 quaedam
944 1420 1098 1472 notarunt
1119 1407 1263 1494 Scaliger

227 1507 401 1574 Animadv.
422 1508 463 1574 ad
486 1511 600 1575 Euseb.
624 1532 658 1597 p.
675 1511 728 1577 82.
757 1509 926 1576 ‘Fabricius
950 1509 1034 1574 Bibl.
1060 1511 1118 1574 Gr.
1139 1508 1216 1575 Vol.
1233 1511 1261 1574 l.

227 1604 357 1693 p·‘280:
380 1606 510 1675 Heliodi
531 1609 661 1696 quidem
683 1610 814 1697 aequalia
838 1611 984 1674 ellenon
1008 1609 1128 1696 potuit,
1154 1607 1261 1672 minua

226 1707 324 1773 etiam
341 1709 489 1790 Homeri,
503 1733 700 1798 quamquam
715 1711 897 1799 hujusmodi
910 1710 1124 1799 opinio'fuiffe
1137 1709 1262 1775 videtur

228 1811 270 1877 C.
286 1814 329 1876 G.
345 1813 519 1879 Schwarzii
538 1815 572 1882 in
591 1815 670 1881 Diff.
687 1815 728 1881 de
747 1816 852 1880 Poetis
867 1814 1006 1902 Cyclieis
1021 1834 1054 1901 p.
1069 1833 1124 1897 40.
1140 1813 1260 1878 nemini

226 1912 321 1979 facile
344 1913 528 2001 probanda:
553 1938 614 1983 neo
635 1916 669 1982 in
691 1916 974 2003 Amphidamantis
992 1916 1104 1980 funere
1121 1915 1182 1980 else
1199 1936 1258 2001 po·

225 2016 303 2095 tuit,
328 2030 367 2082 ut
390 2016 455 2104 ipse
483 2019 682 2105 proposuerit
707 2018 903 2084 certantibus
931 2018 1036 2106 poetis
1061 2017 1259 2106 quaestiones,

225 2137 292 2202 quo
307 2106 412 2181 tendit
424 2118 578 2204 seriptum
593 2119 836 2185 Harleianorum
855 2119 1010 2185 librorum
1024 2117 1139 2203 σίςρασι
1149 2117 1257 2205 Λίχης·

225 2216 314 2283 atde
330 2218 465 2283 Homeri
478 2235 512 2284 et
522 2219 653 2286 Hesrodi
667 2221 842 2285 certamine
856 2221 990 2286 seribere
1003 2220 1126 2306 potuit:
1143 2242 1258 2307 quam*

225 2343 324 2409 quam
338 2319 379 2385 de
393 2321 453 2386 hac
467 2321 637 2409 scriptione
650 2322 726 2389 alibi
739 2322 828 2387 nulla
840 2323 964 2388 mentio
979 2323 1087 2387 exstat.

270 2437 344 2507 154.
359 2424 403 2486 A.
426 2423 535 2486 Μοῦσά
552 2449 599 2506 μοι
621 2423 827 2489 ἕπετ’-Ἀλλ’
851 2422 915 2488 όταν
932 2424 1060 2509 ἇμφί-]
1088 2423 1259 2490 Contrario

223 2521 337 2587 ordine
351 2522 449 2587 refert
465 2523 609 2611 Scriptor
623 2525 830 2604 Certaminir,
851 2525 1026 2590 Hefiodum
1041 2524 1121 2589 illud
1136 2547 1257 2611 propo·

223 2621 325 2701 suiffe,
345 2614 525 2687 Homerum
547 2623 610 2689 hoe
632 2624 833 2710 respondiss'e,
848 2625 983 2690 verfibus
1002 2623 1143 2711 quamvis
1160 2623 1257 2710 paulo

223 2723 360 2804 diversa,
378 2738 485 2789 tamen
501 2726 646 2790 eamdem
662 2725 851 2792 solutionem
868 2748 1013 2791 narrans:
1040 2748 1073 2811 p.
1086 2746 1160 2811 322.
1176 2726 1256 2791 edit.

223 2826 336 2890 Heius.
358 2827 397 2889 ‘0
417 2827 444 2888 δὲ
461 2826 588 2901 Ἡσίοδος
607 2827 749 2913 όιχθεῶείς
763 2828 806 2892 ἐπὶ
820 2835 854 2914 τῇ
868 2828 980 2915 Ὀμῆρν
997 2829 1125 2915 εὐημερίᾳ
1146 2829 1188 2891 ἐστί
1209 2832 1257 2905 τὴν

223 2936 276 2991 τῶν
291 2928 396 3016 ἀπόρων
409 2927 532 3018 ὥρμησεν
547 2931 684 3017 ἐρώτησιν·
709 2931 756 3008 καί
768 2951 832 3014 φησι
848 2932 944 2995 τοόσὸε
957 2933 1018 3005 τοὺς
1033 2931 1129 3016 ςίχες·

287 3032 380 3092 Μοῡσ’
394 3028 449 3114 όίγε
463 3057 509 3112 μοι
524 3032 562 3094 τό
575 3034 600 3094 τ’
615 3033 704 3110 ἐόντα,
721 3034 759 3095 τοί
774 3034 798 3096 τ’
814 3032 962 3114 ἐσσόμενα,
976 3032 1037 3118 στρό
1048 3035 1073 3095 τ’
1089 3032 1166 3096 ἐόντα

286 3135 348 3194 Τῶν
362 3133 412 3213 μὶν
425 3134 506 3213 μηδὲν
519 3132 600 3211 Emis,
616 3135 652 3197 σὺ
666 3137 688 3196 δ’
703 3133 792 3210 οίλλης
805 3140 906 3215 μνῆσαη
921 3137 1019 3210 ἀοιδῆς.

220 3233 258 3295 Ὀ
273 3231 431 3320 δὲ”Ομηρος
445 3235 595 3316 βαλόμενος
609 3235 755 3309 montom
769 3237 800 3298 τὸ
815 3233 913 3323 σίτορον
927 3242 1021 3314 λῦσαρ,
1036 3235 1126 3318 φησίν·

306 3335 440 3399 Οόδίνιοτ’
454 3338 525 3419 ἀμφὶ
540 3339 605 3411 Διὸς
618 3337 714 3422 τόμόιρ
729 3347 750 3385 ³
765 3344 785 3387 *

300 3436 439 3523 “Appm
452 3438 635 3525 συντρίψωσιν
648 3439 777 3526 ἐρίζοντες
789 3442 858 3528 περὶ
873 3441 956 3519 νίκης.

139 3584 142 3588 -
268 3557 340 3623 154.
356 3539 400 3604 A.
422 3542 453 3603 lx
475 3547 523 3603 τοῦ
544 3541 774 3626 παρατυχόντος]
790 3543 905 3630 sabito,
928 3567 964 3606 rx
983 3556 1126 3629 tempore:
1154 3543 1193 3608 fic
1211 3548 1255 3609 ll.

221 3661 254 3727 p.
270 3643 302 3703 6.
318 3643 356 3705 E.
378 3644 454 3727 634.
469 3642 513 3706 D.
550 3641 673 3707 Eodem
688 3643 778 3707 sensu
794 3643 913 3708 dicitur
932 3648 963 3708 ix
980 3651 1028 3707 τοῦ
1043 3646 1256 3732 προστυχόντος

220 3743 313 3828 supra
327 3743 372 3804 ll.
396 3764 430 3828 p.
448 3760 520 3827 150.
535 3746 580 3809 D.
603 3762 679 3828 407.
694 3746 733 3808 B.
765 3746 792 3809 Ι.
807 3764 883 3831 359.
901 3749 939 3810 E.

265 3858 338 3928 154.
353 3843 396 3908 A.
419 3843 590 3930 Κλεόδημος]
618 3846 776 3931 Κλεόδωρος
791 3846 882 3910 Harl.
900 3868 929 3911 1.
946 3867 976 3914 2.

264 3966 279 4009 J
282 3964 338 4030 54.
352 3946 392 4011 Β.
414 3946 515 4033 raim]
541 3951 673 4013 Jannot.
692 3946 783 4012 Harl.
803 3967 830 4010 1.
853 3950 929 4013 Var.
945 3949 1019 4014 leet.
1035 3951 1121 4015 Voff.
1138 3954 1252 4030 ταύτην.

218 4048 307 4136 quod
321 4049 430 4134 probae
452 4049 495 4112 est
512 4047 759 4136 compofitionis‚
782 4070 821 4112 ex
843 4048 966 4114 ratione
984 4052 1077 4115 nobis
1091 4053 1254 4118 observata

218 4149 258 4214 ad
273 4171 306 4235 p.
323 4168 393 4216 122.
410 4151 449 4213 E.

265 4267 336 4335 154.
348 4256 385 4316 B.
404 4249 495 4338 'Arlp'
509 4250 630 4338 οίδον-]
650 4251 805 4340 AEnigma
817 4267 1015 4321 memoratur
1027 4256 1068 4322 ab
1082 4256 1252 4322 Aristotele
