2692 4770
240 301 317 354 naa
429 292 468 353 D.
482 292 534 352 W.
555 290 767 352 ANIMADV.
787 290 836 351 IN
857 286 1093 352 PLUTARCHI

233 472 316 542 5.1.
337 453 458 521 dicitur
478 454 676 521 Timocrates
692 442 845 522 ¹Rhodius
865 475 885 520 a
905 453 1088 520 Tithrauste
1103 453 1287 533 nulum

234 558 366 623 τάλαντα
390 560 522 648 ἀργυρίου
551 557 715 645 accepiffe,
744 557 863 647 quibus
892 559 1081 623 Graecarum
1112 553 1286 621 civltntum

234 660 396 748 principes
411 660 452 725 ed
468 659 590 726 bellum
612 660 868 726 Lacedaemoniis
882 657 1085 724 inferendum
1102 657 1282 724 excitasets

128 831 132 837 ,
233 776 267 828 at
293 763 364 828 haee
386 763 533 848 pecunioe
555 763 681 828 summa
705 763 748 828 est
769 758 864 827 instar
885 761 984 827 trium
1006 760 1149 826 millium
1175 759 1283 825 mina·

232 885 318 943 rum,
333 863 487 950 siquidem
503 864 667 952 sexaginta
682 863 777 928 minae
792 864 865 930 sunt
880 862 973 928 instar
994 860 1121 927 talenti.
1159 862 1240 928 Jam
1260 861 1281 927 li

233 965 356 1051 δαρεικὸς
370 963 574 1029 tantumdem
589 965 683 1045 valet,
698 977 855 1052 quantum
868 967 980 1051 χρυσὲς
994 963 1141 1044 Atticus,
1156 976 1199 1028 et·
1205 988 1279 1051 xpo-

231 1073 297 1140 σοῦς
317 1064 400 1130 valet
415 1064 555 1146 minam;
578 1066 735 1131 habemus
757 1065 790 1129 in
812 1083 856 1152 50
878 1064 1007 1130 talentis
1028 1063 1158 1130 daaioos
1180 1083 1281 1151 3000.

231 1166 331 1254 Quod
354 1167 374 1230 fi
397 1190 471 1231 vero
493 1168 636 1254 quinque
656 1166 755 1249 darioi
776 1190 873 1232 unam
896 1167 1017 1232 minam
1032 1165 1155 1246 valent,
1176 1181 1217 1232 ut
1230 1164 1281 1231 di·

230 1268 312 1333 serte
337 1268 586 1355 Harpocration,
610 1268 748 1358 indeque
770 1267 886 1335 Suidas
909 1268 943 1333 in
965 1290 1067 1348 voest
1085 1286 1131 1354 50
1158 1268 1282 1335 talenta

231 1370 389 1436 censenda
411 1372 484 1435 sunt
506 1371 673 1436 continere
695 1371 821 1437 duricos
847 1390 860 1434 t
863 1391 963 1457 5000.
1010 1370 1075 1436 Sed
1097 1384 1136 1436 ut
1159 1371 1279 1438 linarii

231 1473 489 1539 innumerorum
506 1468 603 1552 notis,
627 1473 671 1537 ita
692 1472 864 1538 hominum
888 1473 1003 1538 sucula
1016 1472 1049 1537 in
1066 1490 1280 1540 nummorum

231 1575 356 1662 pretiis,
371 1574 511 1639 multum
526 1576 709 1640 turbarunt.
741 1577 793 1641 De
807 1575 908 1640 dorico
924 1575 1086 1640 Persarum
1102 1589 1137 1640 et
1152 1574 1280 1641 nummi

232 1691 310 1741 nota
328 1676 509 1766 sagittario,
537 1698 603 1764 prae
629 1677 754 1742 caeteris
779 1677 985 1743 consulantur
1007 1700 1080 1766 que
1103 1678 1279 1745 Briffonius

232 1776 389 1866 dongeffit
400 1779 453 1843 De
467 1779 583 1867 Regno
598 1779 680 1843 Pers.
698 1781 742 1843 11.
760 1797 835 1864 243,
851 1798 926 1862 244.

275 1900 350 1947 211.
371 1882 411 1946 B.
435 1879 514 1966 pass]
549 1881 686 1969 Epistola
716 1883 873 1947 verbofior
900 1903 996 1969 quam
1024 1900 1085 1969 pro
1113 1883 1279 1950 Iaoonioo

232 1983 356 2062 modo;
379 1983 399 2047 fi
419 1983 491 2048 ficu
505 1984 560 2063 est,
580 1983 664 2048 male
684 1984 757 2049 lilla
770 1985 833 2048 est:
858 1983 902 2047 fin
916 2005 1001 2063 vera,
1016 1984 1120 2049 valeat
1132 1986 1285 2055 valete·-

231 2086 312 2152 narii
334 2084 375 2150 de
398 2108 437 2149 ea
459 2085 620 2173 judicium
651 2085 692 2150 ud
716 2085 880 2152 Theocrit.
903 2085 1041 2172 Digreff.
1065 2088 1113 2151 11.
1136 2108 1174 2174 p.
1193 2088 1276 2174 2582

231 2195 256 2229 “
272 2185 452 2274 Agefilaus‚
480 2187 616 2274 patriam
648 2186 937 2274 breviloquentiam
965 2187 1106 2254 Aliatica
1134 2190 1278 2276 quadam

231 2292 443 2355 “verborum
468 2290 603 2355 mutaffe
627 2289 753 2355 videtur
777 2289 1002 2370 redundantia,
1024 2292 1127 2357 viltor
1144 2293 1181 2358 in
1205 2294 1278 2360 Asu

231 2403 255 2436 “
273 2394 331 2460 diu
346 2393 497 2457 versatus.
534 2392 777 2480 Magistratibus
794 2393 962 2479 Spartiatis
979 2415 1052 2481 pars
1067 2395 1230 2482 Epistola,
1245 2396 1280 2463 ni

232 2505 256 2538 “
273 2496 380 2575 fallor,
405 2494 571 2560 suffecisset
592 2495 669 2562 ista:
687 2493 815 2578 “Europus
836 2498 873 2581 τᾷ
895 2500 1023 2584 ἐπιςολᾴ,
1043 2499 1125 2583 galda
1145 2499 1176 2562 dd
1191 2504 1279 2564 mltis

231 2609 255 2642 tc
272 2603 294 2688 ,ὲ
310 2599 440 2682 φθάσω

274 2724 349 2772 211.
367 2703 407 2767 C.
434 2699 514 2786 pff]
548 2703 595 2764 Ex
623 2700 784 2765 Plutarchi
811 2701 886 2765 Vita
911 2700 1051 2786 Agefilai
1077 2723 1111 2789 p.
1131 2704 1210 2784 604.
1231 2702 1275 2768 D.

232 2804 368 2871 Fortaiie
384 2803 501 2868 rettius
518 2802 561 2866 ibi
578 2803 698 2889 legitur
710 2810 826 2890 προῆγε,
842 2818 879 2867 ut
894 2815 926 2867 et
945 2803 1096 2867 hocloco
1111 2804 1168 2867 dat
1183 2805 1276 2870 Harl.

231 2922 265 2972 et
280 2907 346 2992 legi
366 2905 466 2969 voluit
481 2907 532 2968 M.
550 2905 688 2968 Solanus
704 2905 726 2967 l.
742 2904 764 2968 l.
789 2905 867 2969 edit.
884 2907 989 2992 Bryan
1007 2907 1046 2969 T.
1063 2907 1126 2969 111.
1149 2928 1184 2994 p.
1198 2908 1277 2993 578.

230 3011 264 3076 b.
302 3007 366 3071 Sed
391 3006 833 3094 maparara'yps‘vos5‚qua1nvis
857 3023 890 3071 et
913 3007 978 3071 illic
1000 3006 1139 3094 legatur,
1166 3024 1276 3072 tamen

230 3112 293 3176 hoc
317 3111 389 3174 loco
412 3110 651 3172 controversum
674 3109 825 3172 varietate
845 3109 1022 3173 librorum:
1046 3133 1121 3173 nam
1134 3113 1276 3199 rsiapay·

229 3214 317 3298 μένοις
336 3212 415 3275 dunt
431 3213 548 3277 Venet.
565 3211 657 3275 Harl.
675 3214 765 3275 Mes.
790 3211 876 3296 quod
899 3211 1052 3298 significat
1073 3235 1205 3299 quoque
1227 3215 1274 3292 H,

231 3314 375 3403 quamvis
397 3327 553 3399 corrupto
575 3313 783 3397 τεταργμένοις·
809 3313 895 3377 Voll.
911 3312 966 3378 dat
984 3317 1276 3401 παρῶπςαμμένως,

231 3419 361 3505 vulgata
390 3415 422 3480 in
453 3415 599 3501 margine
628 3414 812 3501 adscripta:
850 3414 927 3479 Ald.
958 3418 1276 3503 ωαρατεταραγμένοις.

233 3523 330 3586 Porro
346 3518 438 3583 Harl.
454 3532 488 3580 et
505 3519 536 3583 J.
553 3518 822 3603 καῖειςωνευσάμενος
836 3516 933 3596 αὐτὲς,
951 3530 987 3580 ut
1000 3517 1085 3582 illic:
1110 3519 1164 3583 sed
1181 3537 1276 3585 utro·

230 3645 294 3711 que
308 3644 383 3687 cum
401 3620 605 3707 Casujungi,
623 3620 809 3684 monuimus
825 3642 857 3706 p.
868 3640 922 3705 31.
937 3623 975 3685 Ε.
1008 3620 1160 3708 Denique
1171 3628 1274 3710 Τραλ-

229 3730 297 3805 λεῖς,
319 3722 465 3788 Thraciae
492 3722 645 3809 populus,
669 3723 724 3809 qui
751 3723 883 3803 tuerint,
910 3724 1022 3789 docuit
1044 3725 1077 3789 in
1099 3727 1216 3812 primis
1239 3731 1275 3794 P.

230 3825 474 3912 Weffelingius,
489 3840 522 3889 et
537 3826 592 3911 qui
607 3826 648 3890 ab
665 3847 704 3889 eo
725 3825 878 3904 citantur,
900 3826 941 3890 ad
961 3826 1061 3892 Diod.
1078 3828 1144 3893 Sic.
1160 3831 1275 3897 XVll.

228 3937 282 4019 65.
297 3934 336 3996 T.
353 3933 398 3994 ll.
420 3952 453 4016 p.
472 3949 546 3994 210.

273 4056 347 4104 211.
362 4036 406 4099 D.
430 4031 509 4118 μγ’.]
536 4032 701 4119 Deinceps
716 4031 748 4096 in
763 4032 841 4097 Vita
855 4033 992 4120 Agefilai
1006 4055 1039 4120 p.
1056 4036 1131 4116 604.
1147 4037 1193 4101 D.
1222 4039 1273 4101 A.

228 4139 298 4206 liud
312 4139 374 4203 hoc
396 4138 428 4201 in
452 4136 566 4200 itinere
584 4137 772 4221 strategema
788 4136 928 4223 Agefilai
945 4135 1091 4201 adversus
1105 4139 1273 4227 AEropum

227 4238 432 4307 Macedoniae
445 4260 555 4326 regem
571 4251 678 4303 narrau
693 4237 863 4326 Polyaenus
879 4240 924 4303 ll.
942 4259 971 4303 1.
990 4257 1039 4322 17.
