2692 4770
288 350 884 419 comsomanssotwmvm.
897 356 1043 435 proult.
1122 356 1184 432 699

174 513 344 602 quioero
357 519 454 587 Tusa.
468 522 498 586 Ι.
511 541 567 608 34.
582 519 700 609 aliique
719 524 751 588 J.
766 519 890 589 Davifio
904 518 1006 585 citati·
1031 519 1183 608 Diagoras

174 615 284 702 (lios,
303 621 375 708 arpi
396 621 507 687 sans·
521 622 668 710 scripsisse
681 621 799 688 dicitur
815 620 958 710 Diogeni
978 619 1106 686 laertio
1119 621 1180 687 VI.

164 715 210 781 Io.
231 716 442 803 astaudus,
453 721 681 804 Academicus,
695 720 946 788 consolationem
960 719 1002 784 ad
1015 720 1100 785 cives
1109 720 1182 784 suos

169 815 430 909 Conlugiuienscs
442 823 573 912 scripsit,
588 823 690 912 patria
702 825 817 903 eversa,
833 823 909 889 teste
920 822 1076 889 Cicerone
1085 822 1180 887 Tusc.

167 922 274 991 Illas.
306 924 477 1010 cleanthe,
496 928 861 1019 beſsppos,·Epieurus,
878 925 1041 1013 (brescio,
1055 923 1096 990 de
1108 926 1181 990 offi-

165 1019 205 1087 cio
219 1022 414 1092 consolantis
433 1041 671 1116 praeceperunt,
690 1041 730 1092 ut
749 1039 915 1115 apparete
930 1024 1095 1090 Ciceronis
1108 1047 1181 1090 ver·

163 1124 200 1192 bis
210 1127 301 1194 Iliso.
313 1129 378 1196 111.
389 1152 444 1219 3¹·
477 1133 636 1221 AEscbines
649 1131 689 1213 is,
704 1131 799 1220 cujus
812 1131 911 1197 exstat
923 1129 1084 1219 Dialogus
1097 1131 1179 1197 Ari·

162 1226 247 1295 ooltus
257 1230 312 1296 De
324 1232 449 1315 Morbo,
464 1234 545 1301 mibi
558 1234 688 1323 quidem
703 1237 770 1323 post
784 1234 977 1300 Crantorem
987 1233 1076 1298 fuiffe
1085 1256 1180 1299 eum·

161 1351 211 1416 (μ
228 1331 358 1400 secutus
375 1335 513 1404 videtur.
543 1338 657 1404 Juncur
671 1336 757 1424 apud
771 1336 936 1402 Stobaeum
952 1335 1059 1401 Floril.
1075 1336 1180 1404 Setm.

161 1431 250 1500 CXX.
275 1435 319 1503 de
344 1440 584 1527 comparatione
611 1440 687 1506 vitas
713 1454 748 1505 et
773 1439 900 1505 mortis.
946 1438 1091 1503 Ciceronis
1117 1438 1181 1507 fuit

160 1535 330 1606 Consolatio
344 1539 387 1606 ad
402 1540 435 1607 se
447 1541 564 1629 ipsum,
578 1542 739 1631 praecipue
753 1564 793 1610 er
807 1541 963 1609 Crantore
973 1540 1086 1609 duda:
1106 1542 1180 1609 sont

159 1638 293 1725 Epistola
314 1641 546 1710 Consolatoriae
564 1644 747 1732 complures
771 1643 932 1732 egregiae:
963 1643 1036 1709 sunt
1055 1644 1180 1711 ruscu-

157 1741 223 1810 Iaoae
246 1746 450 1834 Qoaeffiones
472 1769 552 1834 opus
577 1747 672 1835 plane
695 1745 851 1825 divinum,
876 1757 983 1811 totum
1006 1745 1039 1809 in
1060 1768 1179 1833 genere

156 1844 357 1912 consolatorio
369 1845 577 1927 censendum,
591 1859 638 1928 et,
653 1861 691 1911 ut
709 1845 802 1927 nobis
821 1844 952 1933 quidem
970 1844 1105 1925 videtur,
1120 1844 1179 1911 de·

156 1943 297 2032 seriptum
318 1947 362 2013 ad
383 1946 541 2013 rationem
560 1948 643 2013 τόπου
656 1952 894 2036 erwinus
907 1967 928 2009 a
942 1944 1107 2012 Pobdonio
1120 1944 1180 2012 de·

155 2045 309 2134 liguram.
344 2048 401 2114 Ad
416 2048 503 2115 idem
517 2073 622 2138 genus
639 2050 807 2117 referimus
825 2063 859 2114 et
880 2048 958 2113 alias
979 2047 1115 2114 eborum
1138 2048 1179 2118 li-

154 2147 273 2216 brorum
298 2167 420 2240 param,
441 2167 477 2218 et
495 2167 582 2218 certe
603 2174 622 2217 e
640 2150 838 2240 philosophis
859 2151 948 2216 libris
969 2149 1179 2218 suaviffimum

152 2248 230 2318 illum
243 2254 300 2320 De
313 2253 500 2335 serectute,
515 2254 548 2319 in
565 2277 631 2342 quo
653 2255 792 2320 studiosis
812 2253 1065 2320 adolescentibus
1084 2277 1179 2320 enar-

153 2351 252 2434 rando,
267 2354 333 2420 boc
348 2369 497 2442 tempore
508 2356 680 2422 versamur.
723 2355 833 2421 Seneca
847 2355 996 2442 frequens
1010 2356 1053 2420 est
1069 2355 1102 2419 iu
1117 2356 1180 2422 hoc

152 2445 355 2543 argumento}
378 2457 500 2545 quippe
520 2457 636 2545 inquo
658 2458 730 2522 sunt
744 2457 915 2546 singulares
932 2453 1002 2545 ejus
1024 2456 1179 2523 Consola-

153 2556 245 2622 tiones
266 2558 311 2623 ad
334 2557 497 2640 Helviam,
518 2559 560 2623 ad
586 2558 769 2647 Polybium,
792 2559 833 2625 ad
857 2559 1038 2623 Marciam:
1069 2580 1179 2624 exem·
1298 2565 1300 2569 ’

154 2658 232 2742 plum
254 2658 475 2726 consolatoria
492 2661 632 2749 epistolae
651 2683 727 2726 cum
746 2661 987 2747 reprehensione
1001 2659 1181 2747 conjunsiae

154 2761 204 2846 Ep.
218 2761 294 2826 XC.
314 2761 496 2827 admonitio
517 2762 664 2828 adsersus
679 2776 803 2827 metum
826 2761 938 2827 mortis
959 2764 1020 2850 Ep.
1036 2763 1125 2828 LIV.
1146 2779 1182 2828 et

154 2861 317 2928 LXXVII.
352 2862 437 2928 Dion
453 2863 662 2953 Cbrffistomnr
677 2864 734 2929 Or.
750 2864 843 2928 XVI.
859 2863 927 2948 oripi
940 2864 1044 2942 λύπηςτ
1069 2865 1179 2929 XXX.

155 2961 188 3027 de
203 2979 307 3031 morte
323 2964 523 3031 Charidemi.
551 2964 713 3051 Aristides,
732 2966 790 3031 Or.
807 2966 868 3029 XI.
891 2965 924 3030 in
947 2965 1058 3031 funere
1078 2968 1178 3032 Eteo-

155 3065 219 3147 nici,
232 3080 268 3133 et
281 3067 363 3132 XII.
378 3067 419 3132 de
432 3067 526 3133 obitu
540 3067 715 3133 Alexandri
734 3067 931 3155 Cotyasnfis.
979 3066 1091 3132 Galesi
1109 3072 1181 3158 oapi

153 3167 330 3256 παραμυθίας
350 3169 434 3235 liber
454 3171 632 3259 siugularis,
657 3186 854 3237 memoratus
875 3173 916 3237 ab
940 3169 1007 3259 Ipso
1029 3175 1082 3239 De
1106 3176 1180 3240 SuIs

154 3269 247 3336 Libris
261 3271 348 3358 cap.
359 3272 457 3336 XIII.
469 3273 510 3337 Τ.
526 3274 554 3338 Ι.
571 3294 605 3359 p.
615 3289 671 3357 47.
686 3274 724 3336 E.
741 3296 827 3339 nunc
841 3272 997 3361 perditus.
1026 3274 1088 3340 Dio
1104 3275 1179 3363 Cas·

146 3371 200 3454 fist
216 3373 347 3461 iniquus
367 3373 517 3439 Ciceroni
538 3374 616 3438 facit
632 3374 859 3461 philosophum
877 3374 907 3440 ei
929 3375 1180 3443 consolationem

155 3472 227 3538 exilii
251 3473 461 3540 adhibentem
486 3476 683 3541 XXXVIII.
711 3477 761 3540 18.
797 3478 839 3540 Et
863 3475 998 3540 Stobaeos
1019 3476 1182 3567 Florilegii

155 3595 295 3664 magnam
317 3590 444 3663 partem
466 3599 485 3640 a
504 3576 615 3642 'Iitolo
630 3578 752 3643 XCVI.
775 3577 816 3642 ad
834 3576 992 3642 CXXIII.
1014 3577 1048 3643 in
1067 3581 1180 3646 conso·

154 3672 258 3741 utorio
278 3690 475 3764 argumento
496 3677 667 3743 consumit.
705 3678 778 3743 Nec
799 3699 993 3765 quemquam
1017 3679 1103 3767 fugit
1124 3693 1182 3746 aut

152 3774 262 3842 Bossbr's’
286 3775 476 3843 Consolatio
501 3777 726 3866 Philosophiae,
757 3794 814 3844 aut
842 3779 969 3843 Pedonis
995 3777 1184 3848 Albinovanus

153 3879 256 3970 Elegia
268 3880 312 3946 ad
326 3879 463 3946 Liviam.
493 3880 657 3946 Ceterum
678 3881 839 3946 infinitum
858 3881 901 3944 est
914 3882 1022 3946 omnia
1036 3883 1182 3971 Scripto-

153 4003 216 4046 rum
237 3983 297 4047 five
315 3981 439 4068 ligata,
461 3981 519 4047 five
541 3981 654 4047 solutae
675 3982 841 4062 orationis,
859 3966 1091 4062 historicorum,
1108 3982 1182 4049 rhe-

151 4095 260 4167 torum,
282 4083 508 4173 sophistarum,
530 4084 732 4149 consolatorii
752 4086 935 4171 argumenti
961 4084 1076 4172 scripta
1098 4106 1181 4158 anu,-

152 4204 285 4268 morare3
308 4199 347 4250 et
359 4183 437 4271 quia
449 4184 592 4250 latiffime
610 4199 701 4272 patet
715 4200 956 4272 argumentum,
972 4185 1093 4274 etquis
1106 4188 1182 4253 uul-

152 4283 186 4352 lis
202 4287 488 4375 circumscriptum,
500 4289 544 4356 est
557 4290 654 4357 certis
672 4288 830 4372 terminis,
844 4287 898 4357 sed
913 4308 971 4378 per
990 4311 1120 4358 omnem
1134 4292 1181 4357 vi-
