2692 4770
203 304 265 375 994
352 297 448 360 ΙΝ.
467 296 676 358 ANIMADV.
696 297 743 357 IN
763 294 991 356 PLUTARCHI
1010 293 1085 352 LIB.

205 460 319 527 benter
333 458 526 541 obeundam,
541 483 575 548 p.
587 480 680 546 1103.
695 462 735 540 E,
744 462 780 525 F.
811 459 854 522 Et
868 457 1013 523 novimus
1028 451 1236 520 Plutarchum

206 559 241 626 in
255 561 406 626 tradenda
420 562 619 649 philosophia
632 560 764 628 subinde
776 559 1044 626 Academicorum
1058 570 1092 622 et
1106 555 1237 641 Peripa·

205 663 379 728 teticorum
394 686 483 728 more
498 664 529 728 in
544 678 713 750 utramque
728 677 850 749 partem
865 661 1043 746 disputasse,
1058 672 1092 724 et
1106 672 1236 723 contra-

205 765 271 830 rias
295 765 336 830 de
364 765 478 831 eodem
499 779 690 855 argumento
715 763 884 830 sententias
908 761 996 827 libris
1021 758 1234 847 consignasse:

206 866 301 955 cujus
323 866 559 933 consuetudinis
575 867 720 954 quaedam
743 865 860 930 indicia
880 863 1100 928 annotavimus
1119 861 1152 924 in
1174 859 1239 924 tine

206 966 428 1054 disputationis
450 969 572 1050 nostrae,
588 991 652 1055 qua
664 966 856 1032 ostendimus
875 965 1059 1052 scriptorem
1072 962 1173 1027 libelli
1187 962 1238 1026 De

206 1067 393 1134 Educatione
407 1072 565 1136 Pueromm
580 1092 644 1135 non
658 1067 953 1134 essePlutarchum.

198 1231 199 1235 ,
249 1171 315 1236 Ηίο
330 1171 471 1258 quidem,
488 1194 584 1260 quern
600 1171 784 1251 tradamus,
804 1171 895 1249 liber,
916 1171 959 1234 est
972 1169 1112 1256 adverstaes
1124 1170 1237 1256 super-

194 1270 365 1361 stitionem
388 1288 426 1339 ut
438 1275 629 1354 ostendatur,
645 1273 868 1360 superstitiosos
881 1272 1008 1360 gravius
1022 1293 1125 1336 errare
1138 1294 1237 1358 quam

206 1372 338 1454 athe0s3
360 1388 395 1439 et
414 1375 501 1461 quod
518 1376 610 1463 pejus
631 1374 671 1439 de
692 1374 764 1439 Diis
785 1374 933 1453 sentiant,
954 1387 988 1438 et
1001 1371 1087 1458 quod
1107 1371 1238 1457 pessime

207 1472 249 1538 de
263 1475 294 1539 se
308 1475 365 1562 ipsr
377 1491 574 1541 mereantur:
598 1475 711 1542 atheos
724 1475 811 1541 enim
826 1472 970 1561 quamvis
983 1485 1136 1552 errantes,
1148 1471 1238 1559 quod

207 1575 333 1640 nullum
356 1576 416 1641 esse
438 1576 578 1642 divinum
594 1600 719 1644 numen
742 1577 919 1656 crederent,
937 1593 1044 1642 tamen
1065 1575 1165 1640 levius
1184 1597 1236 1639 er-

205 1697 288 1756 rare,
305 1677 361 1763 qui
375 1677 479 1742 nullos
493 1695 590 1764 quam
605 1679 660 1765 qui
675 1678 775 1743 malos
789 1678 850 1744 esse
863 1681 952 1744 Deos
967 1690 1101 1765 putente
1125 1691 1158 1742 et
1172 1676 1236 1742 hoc

205 1798 313 1842 errore
327 1777 523 1865 aliquantum
540 1780 691 1865 proficere
707 1778 749 1844 ad
769 1779 841 1844 vitae
861 1779 1123 1866 tranquillitatem
1133 1801 1144 1856 ς
1166 1801 1238 1843 cer·

206 1890 253 1959 te,
266 1892 304 1943 ut
318 1901 358 1945 ne
372 1894 519 1946 metuant
532 1882 637 1946 Deos:
660 1895 694 1946 at
707 1880 987 1969 superstitiosorum
1001 1902 1072 1946 earn
1085 1881 1146 1946 esse
1160 1880 1236 1944 stul-

204 1978 322 2059 tiu'am,
337 1994 375 2045 ut
388 1983 528 2069 perversa
541 1982 670 2068 pietatis
689 1983 791 2070 specie
815 1984 848 2048 in
865 1983 1021 2049 summam
1039 1982 1235 2070 impietatem

205 2079 425 2167 prolabantur,
446 2081 500 2169 qui
520 2082 560 2148 de
580 2083 653 2148 Diis
671 2084 797 2170 pessime
816 2084 963 2165 sentiant,
981 2107 1036 2150 eos
1054 2082 1236 2162 iracundos,

159 2200 162 2205 ·
204 2179 361 2261 crudeles,
382 2182 542 2248 maleficos
556 2183 616 2248 effe
636 2183 838 2264 arbitrentur,
858 2207 915 2270 per
937 2206 1074 2270 eumque
1096 2205 1235 2248 errorem

205 2281 361 2346 continuo
375 2281 491 2348 diumo
504 2283 724 2372 nostumoque
738 2297 828 2349 metu
841 2285 1014 2372 agitentur.
1040 2283 1157 2370 Neque
1172 2283 1236 2349 hoc

205 2381 252 2447 ita
270 2381 389 2448 differit
410 2382 609 2465 Plutarchus,
629 2398 668 2449 ut
689 2385 802 2449 atheos
816 2387 941 2471 probet,
960 2384 1013 2450 sed
1032 2397 1069 2450 ut
1082 2386 1235 2472 supersti-

205 2482 302 2549 tiosos
321 2483 355 2548 in
373 2484 492 2550 restam
508 2484 590 2550 viam
611 2485 720 2567 ducat,
735 2485 851 2572 eosque
872 2485 1151 2566 commonefaciat,
1169 2487 1233 2552 im·

205 2586 359 2673 pietatem
380 2587 425 2654 ita
438 2588 622 2676 fugiendam
637 2589 709 2669 esse,
726 2612 791 2655 non
806 2603 845 2654 ut
859 2589 892 2654 in
911 2590 1107 2655 contrarium
1121 2589 1232 2677 super·

203 2688 336 2754 stitionis
348 2690 461 2755 vitium
476 2690 506 2755 se
522 2690 705 2778 conjiciant,
728 2691 781 2757 sed
799 2704 837 2755 ut
855 2691 1019 2777 pietatem,
1035 2692 1185 2757 virtutem
1200 2693 1233 2758 in

204 2790 313 2856 medio
340 2793 484 2878 positam,
510 2793 741 2858 contestentur.
786 2793 850 2858 Sed
876 2805 981 2858 totum
1005 2809 1234 2881 argumentum

206 2915 306 2980 quum
332 2894 435 2981 magis
459 2893 596 2958 oratorie
617 2908 651 2958 et
672 2895 868 2980 populariter
891 2918 986 2981 quam
1011 2896 1174 2962 dialectice
1196 2921 1235 2964 ac

202 2995 359 3061 subtiliter
381 2996 545 3075 tradetur,
568 3009 602 3060 et
624 2996 690 3060 sere
711 2996 805 3060 unice
827 2997 860 3060 in
885 2997 1099 3083 superstitione
1124 3021 1233 3085 repre-

203 3094 375 3160 hendenda
387 3096 603 3173 consumatur,
619 3096 715 3160 nullae
729 3096 798 3184 ejus
815 3096 926 3162 laudes
941 3097 1091 3185 dotesque
1106 3121 1233 3164 memo·

203 3210 326 3275 rentur,
349 3195 438 3261 nulla
458 3195 527 3282 ejus
550 3197 697 3261 curandae
716 3196 924 3282 sanandaeque
938 3211 1086 3262 accurata
1101 3198 1232 3285 quidem

202 3319 241 3363 ac
262 3297 399 3384 diligens
420 3299 502 3363 ratio
523 3299 686 3364 tradatur:
712 3299 800 3385 quod
823 3299 1010 3365 Plutarchus
1032 3300 1101 3364 aliis
1123 3313 1232 3365 tamen

202 3397 359 3484 plerisque
373 3398 406 3461 iu
420 3399 508 3462 libris
523 3400 658 3477 factitat,
670 3398 785 3486 quibus
795 3398 945 3464 vitiorum
960 3399 1138 3463 curationes
1154 3421 1232 3485 pro·

128 3535 130 3539 ν
203 3498 311 3583 posrtae
326 3498 410 3577 sunt,
426 3498 525 3562 veluti
537 3501 605 3585 περὶ
619 3499 784 3586 demessa,
799 3501 858 3586 περὶ
871 3499 1148 3586 πολυπραγμοσύνης,
1163 3502 1234 3586 περὶ

202 3597 350 3676 δυσωπίας,
371 3599 438 3683 περ)
462 3597 623 3682 ἀδολεχίας,
639 3601 706 3684 περὶ
729 3600 935 3680 φιλοπλουτίας,
949 3613 984 3662 et
999 3599 1148 3662 similibus
1158 3626 1168 3678 3
1191 3622 1234 3664 eo

201 3697 308 3784 magis
329 3698 448 3763 inclino
465 3698 498 3762 in
513 3721 583 3764 eam
603 3699 798 3785 opinionem,
817 3711 855 3763 ut
874 3713 984 3785 putem
1008 3699 1095 3763 hunc
1113 3699 1232 3763 librum

202 3801 262 3866 effe
283 3801 419 3865 alterurn
439 3823 478 3866 ex
499 3800 567 3889 pari
583 3801 737 3866 librorum
757 3802 798 3866 de
815 3801 1040 3888 Superstitione
1059 3802 1091 3866 in
1107 3814 1232 3866 utram·

201 3926 264 3991 que
279 3916 402 3988 partem
419 3902 618 3990 scriptorum.

244 4003 348 4089 Igitur
373 4016 490 4080 errant,
515 4003 536 4065 sr
557 4001 613 4088 qui
635 4013 750 4088 putant
771 4000 835 4065 hoc
856 3999 888 4064 in
910 4001 992 4066 libro
1013 4013 1116 4068 totam
1143 4001 1229 4067 inte·

199 4126 354 4192 grauique
373 4103 533 4169 Plutarchi
555 4104 596 4167 de
618 4103 842 4190 superstitione
860 4104 1045 4169 sententiam
1060 4106 1230 4186 contineri,

199 4220 233 4271 et
253 4206 453 4292 impietatem
473 4227 556 4286 eam,
577 4227 673 4292 quam
694 4218 814 4271 veteres
836 4206 976 4288 ἁθεότηῑα,
1000 4207 1111 4273 novitii
1133 4209 1227 4276 nostri
