2692 4770
141 334 200 391 568
281 335 317 394 D.
333 337 381 394 W.
403 337 608 397 ANIMADV.
629 337 678 397 IN
697 335 927 396 muranum
949 334 1020 392 Lrn.

141 509 241 581 geute,
264 497 557 584 indulgente,—-diti,
580 514 606 562 et
615 499 743 585 studioso
761 499 924 562 literarum.
968 498 1050 582 Quae
1073 493 1173 581 vulgo

146 598 251 681 pueris
271 600 405 686 magistri
424 601 469 665 ita
490 601 732 687 interpretantes
752 599 924 676 inculcant,
947 598 991 660 uti
1014 597 1116 682 aliqua
1140 617 1174 655 re

145 697 326 784 simpliciter
340 700 399 767 esse
418 702 524 765 habere
541 700 672 786 aliquam
691 726 762 764 rem.
798 699 910 786 Atqui,
925 701 954 764 Ο
968 697 1055 770 boui,
1070 697 1090 760 sr
1105 695 1173 760 duo

146 799 218 864 sunt
240 801 389 880 Ablativi,
417 804 496 869 alter
518 804 716 882 Subllantivi‚
738 804 817 867 alter
837 802 993 888 adjectivi
1000 826 1010 879 ;
1037 800 1088 863 hic
1107 799 1173 884 ipse

146 899 294 986 siguificat
310 903 454 984 modum,
470 928 535 992 quo
556 905 787 970 substantivum
808 927 884 990 erga
903 903 1040 986 aliquem
1057 900 1171 965 utitur.

147 1000 250 1088 Igitur
264 1005 330 1090 rasus
346 1002 383 1089 est
395 1018 483 1093 patre
497 1029 560 1071 uon
575 1005 691 1071 dicitur
705 1027 761 1092 pro
777 1005 881 1067 habuit
898 1015 1022 1090 patrem,
1036 1002 1089 1066 led
1104 1003 1173 1088 ruiis

145 1101 289 1191 asspatra
302 1104 454 1193 diligente,
471 1107 653 1194 indulgente,
674 1107 721 1170 vel
743 1106 844 1184 simili,
867 1128 935 1191 pru,
954 1117 1069 1191 patrem
1080 1104 1175 1188 sauna

146 1217 279 1291 expertus
292 1203 339 1291 est,
359 1207 475 1286 habuit,
489 1231 561 1294 erga
572 1207 609 1293 sa
623 1207 802 1294 diligentem,
819 1207 1029 1292 indulgentem.
1064 1205 1174 1267 Habet

145 1307 230 1372 eninr
245 1309 309 1373 vim
326 1309 442 1386 Passuri,
462 1310 589 1396 χράομοή
606 1336 657 1374 τινι
677 1315 811 1394 χαλκῷ,
833 1323 898 1372 utor
918 1308 1017 1395 aliquo
1034 1307 1120 1385 duro,
1139 1305 1173 1369 id

145 1412 200 1488 est,
215 1410 324 1499 aliquis
339 1413 451 1476 duriter
466 1437 508 1475 ιιιο
523 1421 653 1477 tradat:
675 1412 792 1491 Aetivi,
809 1411 936 1497 χροίομοηΙ
955 1436 1005 1473 τινι
1022 1418 1169 1495 χαλεποῖς·

146 1513 272 1599 aliquem
293 1515 407 1580 duriter
428 1525 532 1580 trullo.
575 1515 677 1580 Miror
699 1538 762 1579 uon
785 1514 942 1578 monitum
966 1514 1007 1576 ab
1032 1511 1113 1588 aliis,
1139 1510 1171 1573 in

146 1612 256 1699 primis
271 1639 290 1679 a
303 1619 346 1681 D.
356 1617 524 1682 Vechnero
539 1616 570 1680 iu
587 1615 817 1694 Hellenolexia‚
829 1629 884 1678 aut
899 1614 939 1678 ad
954 1614 1040 1678 hunc
1054 1612 1172 1676 librum

145 1714 419 1803 adiligeutiffimae
433 1717 587 1783 doelriuae
601 1717 667 1782 viro
680 1720 731 1783 Jo.
743 1717 848 1781 Mich.
864 1716 1073 1800 Heusingero.
1104 1713 1172 1800 lgi-

146 1832 200 1881 tur
221 1818 283 1883 hoc
306 1819 465 1885 Plutarchi
487 1821 557 1885 loco
578 1819 725 1884 dedimus
750 1843 789 1885 ex
810 1818 986 1896 codicibus,
1011 1816 1099 1902 quod
1123 1839 1173 1880 res

145 1917 212 2005 ipsa
225 1921 412 2008 postulabat,
424 1927 545 2008 χαλεπῷ
559 1944 618 2008 pro
630 1930 774 2008 χαλεπῶς.

189 2039 241 2105 77.
257 2024 295 2085 E.
319 2023 348 2085 ἔκ
363 2050 430 2099 τινος
444 2025 555 2112 διήρους]
582 2049 618 2088 aa
634 2032 703 2088 ιοᾶο
723 2025 860 2111 quadam,
883 2023 966 2087 relle
982 2021 1171 2107 interpreta-

145 2135 197 2187 tur
210 2123 272 2188 Th.
285 2125 465 2189 Gatakerus
485 2124 526 2190 ad
548 2126 599 2188 Μ.
614 2124 770 2190 Antonin.
786 2146 818 2210 p.
837 2124 907 2188 181.
925 2122 977 2187 cui
993 2121 1172 2207 adjungen-

144 2224 205 2289 dus
220 2225 449 2290 Valckenarius
463 2227 504 2290 ad
521 2226 675 2312 Euripidis
691 2225 836 2290 Phoeuill.
852 2247 884 2311 p.
894 2246 948 2310 34.
963 2239 996 2288 et
1006 2243 1061 2303 40.
1089 2225 1172 2288 Jun-

145 2349 339 2413 genuannus
361 2328 401 2392 ad
426 2327 587 2394 Pollucem
614 2330 672 2392 IV.
690 2348 761 2412 129.
800 2325 990 2392 Plutarchi
983 2339 1173 2412 interpretes

145 2448 308 2514 perperam
324 2443 452 2494 vertunt
466 2431 503 2493 da
517 2430 619 2493 biremi
633 2431 775 2518 quadam.

188 2548 240 2613 77.
257 2533 294 2593 E.
318 2530 464 2615 Διογένεις]
497 2532 660 2617 Diogenes
684 2530 828 2596 Laertius
848 2532 908 2593 Vl.
927 2549 978 2596 22.
1004 2552 1042 2594 ex
1063 2528 1172 2594 Theo·

145 2631 270 2718 phrasto
284 2631 422 2718 aliquam
442 2632 538 2719 hujus
559 2633 632 2698 fatti
654 2648 775 2718 partem
797 2633 937 2719 attingit,
951 2631 1116 2719 -οῗοςμηοει
1131 2637 1172 2696 lul

145 2736 190 2805 τὸν
204 2737 298 2810 εὐτελῆ
308 2735 381 2812 βίον·
403 2743 457 2816 μῦν
469 2736 639 2817 θεασάμενος
656 2735 848 2821 διατρέχοντα,
869 2737 946 2798 καθά
961 2754 1024 2814 φησι
1040 2736 1172 2824 Θεόφρα-

146 2859 191 2907 ςος
205 2837 232 2897 ἐν
243 2839 283 2917 τῷ
298 2838 466 2920 Μεγαρικῷ,
480 2834 525 2913 κα)
537 2835 607 2916 μήτε
628 2835 717 2911 κοίτην
733 2839 917 2918 ἐπιζητοῦντα,
935 2835 1001 2917 μηδὲ
1015 2835 1112 2908 σκότος
1127 2841 1172 2898 sri—

146 2933 310 3016 λαέούμειοι
324 2935 339 3011 ἢ
353 2937 496 2999 ποθοῦντά
514 2964 542 2998 τι
563 2945 616 2998 τῶν
636 2937 778 2999 δοκούντων
795 2942 971 3014 braiaum,
986 2937 1073 3023 erigor
1087 2940 1174 3022 ἐξεῦρε

144 3041 193 3110 τῆς
206 3036 399 3122 scarabaeus:
424 3035 513 3114 item,
527 3056 581 3115 40.
619 3036 783 3121 Copiofius
797 3037 960 3121 aliquanto
974 3052 1008 3099 et
1022 3059 1095 3100 curu
1113 3059 1174 3099 no-

147 3135 206 3200 llro
228 3136 300 3200 loco
325 3137 553 3223 congruentius
578 3152 683 3200 narrat
703 3135 849 3200 AEliauus
872 3139 947 3201 Var.
971 3136 1052 3200 Hist.
1076 3138 1172 3200 Xlll.

147 3239 200 3304 ιο.

190 3355 243 3422 77.
261 3341 300 3403 Ε.
323 3341 468 3423 δημοτελῆ]
502 3341 552 3404 Ita
575 3339 756 3424 Stephanus
777 3362 816 3402 cx
841 3339 908 3402 Pol.
929 3361 1069 3424 quocum
1094 3364 1176 3404 con.

147 3441 241 3505 sentit
260 3445 337 3507 Juu.
357 3457 391 3505 et
413 3441 524 3526 reliqui
546 3464 657 3506 omncs
675 3440 800 3526 scripti:
825 3456 918 3505 autea
939 3441 1092 3506 edebatur
1111 3469 1171 3505 ara·

146 3549 248 3618 λυτελῆ
271 3544 301 3607 iu
325 3543 400 3608 ΑΜ.
424 3544 492 3607 Bar.
514 3544 590 3630 Xyl.
628 3543 690 3607 Sed
715 3545 846 3625 δημοτελῆ
870 3544 971 3630 magis
995 3561 1106 3631 aptum
1129 3547 1175 3609 rci

146 3645 310 3732 praetcuti:
335 3644 477 3709 rideatur
491 3645 736 3730 Harpocration,
757 3644 947 3731 Hesychius,
967 3645 1091 3723 Suidas‚
1114 3647 1174 3710 ihi-

146 3772 208 3834 que
230 3751 441 3834 Interpretes:
466 3771 556 3811 coerrae
574 3746 714 3833 pul-licea,
732 3748 848 3834 publico
858 3746 1085 3831 junrlujiu‘lae.
1106 3749 1175 3811 ⁸Sic

149 3849 335 3917 Plutarchus
360 3849 472 3912 Numa
494 3871 525 3934 p.
542 3850 595 3911 60.
618 3847 656 3910 C.
696 3847 827 3933 Phintys
850 3869 902 3931 ap.
928 3847 1019 3909 Stob.
1045 3869 1078 3931 p.
1097 3868 1174 3931 445.

148 3948 237 4015 Plato
253 3950 331 4032 Leg.
348 3948 426 4015 Xll.
444 3970 477 4032 p.
492 3949 567 4028 684.
585 3946 625 4010 C.
645 3948 704 4027 μηδ’
722 3949 747 4007 ἐν
762 3945 919 4026 δημοτελέσι
934 3945 1054 4018 θυσίαις.
1087 3947 1175 4009 Dion

147 4048 521 4135 Ctrrytor.XXX111.
544 4069 577 4134 p.
593 4049 668 4127 408.
684 4047 727 4110 A.
760 4045 909 4111 Aristides
933 4047 1019 4110 T.1l.
1045 4068 1077 4131 p.
1098 4067 1173 4131 332.

148 4147 340 4234 Porphyrius
354 4147 406 4210 Dc
419 4147 540 4218 Abllin.
558 4148 602 4215 11.
619 4148 668 4216 16.

190 4268 241 4336 77.
258 4251 296 4315 Ε.
319 4254 438 4340 ἐχρῶντο
453 4249 569 4338 adacta]
592 4247 777 4320 Herodotus
793 4250 818 4319 Ι·
836 4267 895 4317 21:
919 4247 1008 4316 aliar
1024 4274 1055 4312 τι
1070 4249 1174 4322 πάντας
