2692 4770
218 309 937 393 rrorrrrn.nro.nrooc.p.1oo.c-»n
1017 288 1114 389 mr

62 478 109 547 cis
124 477 232 546 XXV.
247 500 280 565 p.
298 498 370 566 130.
389 477 442 545 alii
463 477 614 560 videant3
637 501 712 547 nom
727 478 836 566 ampla
854 478 899 544 est
918 476 1099 549 hariolandi

60 580 205 647 materia.
228 580 370 648 Nomine
383 580 508 661 omiffo,
522 604 591 647 rom
606 595 712 649 narrat
726 580 851 653 Gellius
865 583 944 646 VII.
959 602 994 646 1:
1011 581 1098 669 Affi-

60 683 152 749 debat
172 685 419 773 oppugnabatque
440 685 578 773 oppidum
599 684 632 749 in
657 683 823 773 Hispania,
840 683 919 769 sttu,
943 684 1101 766 manibus,

59 784 260 873 defensoribus
273 786 413 852 validum
431 798 459 851 et
480 787 638 868 munitum,
657 811 691 851 re
704 787 793 851 etiam
806 787 921 850 cibaria
934 787 1077 875 copiosum
1088 811 1103 850 r

58 887 206 976 nullaque
219 889 281 978 cjus
294 887 434 977 potiundi
443 889 516 977 spes
529 902 618 954 erat:
640 901 669 953 et
681 889 809 976 quadam
823 888 871 952 die
882 889 940 976 jus
953 889 985 952 in
999 887 1102 974 castrii

48 993 159 1082 sedens
175 992 312 1057 dicebat:
335 1006 425 1081 atque
438 1017 474 1057 en
488 1017 519 1059 eo
537 991 596 1059 loco
610 993 646 1057 id
661 991 799 1082 oppidum
809 991 915 1080 procui
926 992 1104 1076 vitabatur.

61 1094 138 1162 Tum
160 1119 176 1160 e
196 1094 354 1176 militibus,
366 1095 421 1184 qui
441 1095 474 1160 in
488 1096 560 1183 jure
574 1095 659 1184 aprtd
668 1119 734 1159 eum
743 1093 884 1181 stabant,
899 1095 1104 1182 interrogavit

39 1197 205 1287 ·quispiom
226 1221 263 1262 ec
283 1221 371 1279 more,
393 1198 525 1286 inquam
540 1198 618 1263 diem
635 1195 784 1285 iocumque
804 1196 1009 1263 vadimonium
1026 1211 1100 1285 pro-

60 1299 141 1364 mitti
151 1298 286 1388 juberet.
323 1299 370 1381 ,Et
395 1299 490 1388 Scipio
510 1324 631 1365 manum
650 1300 694 1365 ad
712 1299 805 1388 ipsam
822 1299 931 1387 oppidi,
951 1299 1033 1386 quod
1048 1300 1103 1363 ob·

47 1402 219 1488 fidebatur,
234 1425 330 1467 arcem
341 1403 530 1491 protendens,
543 1410 566 1444 “
575 1401 755 1481 Perendie,’'
771 1401 881 1489 inquit,
897 1399 1104 1489 “sesefistant

61 1509 88 1543 “
102 1502 153 1568 illo
167 1503 198 1567 in
212 1502 308 1568 loco.''
330 1503 432 1592 Atque
444 1503 489 1568 ita
493 1504 628 1593 factum.
656 1503 717 1569 Die
733 1503 830 1582 tertio,
844 1503 876 1567 in
890 1527 974 1591 quem
987 1502 1104 1568 vadari

49 1604 194 1693 juffcrot,
207 1606 345 1696 oppidum
359 1617 477 1695 captum
492 1604 547 1694 pst:
568 1605 784 1695 eodemquedie
798 1606 831 1669 in
844 1628 912 1669 arce
927 1605 987 1694 ejus
1001 1604 1106 1694 oppidi

48 1708 109 1796 jus
123 1707 214 1773 dixit.

109 1812 181 1896 196.
198 1811 239 1876 C.
262 1810 310 1897 δ’]
337 1811 515 1878 Cohortem
537 1810 622 1877 hano
644 1809 790 1875 novimus
809 1832 849 1875 ex
866 1808 958 1874 Livio
972 1808 1102 1873 XXIX.

63 1931 94 1977 1.
125 1912 255 1982 Valerio
277 1913 425 1979 Maximo
440 1914 518 1980 VII.
533 1933 567 2000 3.
582 1933 615 1999 3,
652 1913 804 1999 Appiano
819 1912 932 1978 Punic.
947 1912 1044 1976 VIII.
1067 1933 1105 1999 p.

59 2035 137 2102 313.
178 2018 222 2081 Et
240 2017 360 2096 Festus,
381 2016 545 2105 Scipionem
564 2015 759 2104 Africanum,
778 2016 908 2103 primum
928 2013 1103 2103 praetoriam

60 2118 201 2182 cohortem
216 2117 378 2206 iessituiffl,
391 2117 552 2205 perhibet,
566 2139 600 2205 p.
611 2133 689 2203 371.
712 2115 812 2205 Quod
825 2115 948 2203 Lipfius
964 2117 1017 2182 De
1031 2115 1103 2181 Mi.

61 2219 131 2285 litia
145 2222 240 2286 Rom.
257 2222 301 2285 II.
317 2239 349 2303 4.
366 2233 595 2309 argumentum
614 2219 739 2286 ducens
759 2240 799 2285 ex
822 2218 945 2308 Polybii
966 2217 1105 2305 silentio,

61 2321 104 2388 ad
126 2322 310 2408 Scipionem
332 2323 524 2388 Africanum
546 2322 714 2389 Minorem
727 2322 837 2387 refert.
872 2321 976 2408 Atqui
989 2335 1024 2388 et
1037 2322 1102 2387 bu-

55 2424 114 2513 jus
127 2424 270 2490 cohortis
285 2424 530 2504 institutionem,
546 2436 580 2490 et
598 2424 724 2490 ditium
742 2422 784 2489 de
800 2422 857 2487 illa
876 2422 1049 2510 Scipionis,
1063 2443 1104 2488 ex

59 2526 193 2614 perditis
209 2527 375 2615 Polybiani
390 2526 496 2613 operis
511 2527 658 2615 partibus
672 2548 692 2591 a
710 2523 882 2591 Plutarcho
896 2525 1019 2607 referri,
1035 2548 1104 2591 non

61 2630 105 2693 est
120 2630 207 2717 qnod
222 2629 420 2695 dubitemus.

106 2732 180 2815 196.
196 2729 237 2794 C.
261 2728 309 2815 e'.]
340 2731 393 2795 De
420 2729 480 2794 hnc
502 2728 579 2794 belli
600 2739 692 2816 parto
714 2727 926 2815 prodiderunt
950 2727 1104 2818 Polybius

60 2832 136 2896 XV.
166 2849 281 2898 1-20.
323 2830 432 2896 Livius
457 2832 585 2898 XXIX.
610 2850 662 2916 23.
689 2830 754 2916 seq.
791 2831 961 2918 Appianus
990 2830 1104 2899 Punic.

61 2935 209 3001 XXXII.
224 2935 288 3021 seq.
304 2956 365 2998 nec
380 2948 486 2999 tamen
504 2934 601 3021 hujus
616 2933 693 3000 fatti
708 2933 849 3022 dittique
863 2936 1082 3002 meminerunt
1091 2959 1105 3017 ς

61 3051 100 3102 ut
115 3036 196 3102 alios
210 3038 356 3102 notiores
372 3038 498 3102 secutus
514 3036 657 3102 videatur
672 3037 875 3103 Plutarchus.

106 3142 180 3227 196.
196 3140 242 3204 D.
265 3138 319 3224 ς’.]
344 3138 452 3203 Livius
476 3140 585 3204 XXX.
601 3159 656 3225 43.
676 3138 709 3204 in
733 3141 774 3204 L.
795 3140 947 3206 Terentio
969 3141 1105 3225 consen&

61 3242 159 3323 tiens,
173 3243 206 3306 in
224 3241 340 3306 ceteris
355 3243 450 3306 rebus
464 3240 614 3307 diversus.
643 3240 790 3307 Valerius
805 3242 897 3306 Mar.
911 3244 956 3308 V.
973 3263 1004 3311 2.
1016 3259 1051 3329 5.

106 3346 180 3431 196.
195 3347 233 3408 E.
257 3342 311 3426 ζ’.]
337 3342 446 3407 Livius
470 3344 581 3409 XXX.
602 3357 659 3429 45.
686 3355 721 3408 et
744 3344 940 3410 XXXVIII.
959 3360 1025 3430 55:
1063 3345 1104 3431 Q.

63 3446 233 3511 Terentium
261 3443 611 3523 Culleonem-tradunt,
628 3443 788 3532 pileatum,
799 3445 882 3530 ficret
904 3445 937 3508 in
959 3446 1107 3535 triumpho

63 3553 152 3632 ierat,
175 3553 207 3618 in
217 3552 336 3640 sunere
356 3574 468 3639 qaoque
487 3564 556 3614 ante
574 3550 680 3616 Ictium
694 3551 831 3637 iffc,-et
849 3552 894 3615 ad
910 3564 1028 3640 portam
1044 3554 1106 3618 Ca-

62 3668 168 3738 penam
182 3655 305 3743 malsnm
323 3653 480 3742 prosecutis
492 3653 594 3740 fimus
609 3654 726 3741 dectiffi,
742 3654 823 3742 quod
842 3655 881 3718 ab
896 3678 926 3717 eo
941 3655 1018 3718 inter
1032 3655 1107 3737 alios

65 3756 198 3841 captivos
213 3757 244 3820 in
257 3757 368 3843 Africa
382 3780 419 3819 ee
433 3754 558 3840 histibus
573 3770 704 3844 receptus
717 3757 796 3842 effict.
833 3758 996 3837 Formula,
1014 3766 1110 3825 ταῦτα

64 3857 116 3939 μὲν
137 3840 303 3943 sirimpio,
322 3859 355 3922 in
378 3857 465 3925 Vrtis
488 3857 686 3923 Plutarcheis
708 3859 871 3945 frequens,
886 3858 936 3924 vel
953 3859 1019 3925 sola
1033 3859 1109 3925 satie

64 3957 164 4022 habet
179 3957 300 4037 indicii,
316 3959 387 4025 haec
401 3959 649 4048 Apothegmata
663 3983 702 4025 ex
715 3961 801 4028 Vitis
816 3960 975 4048 descripta
990 3961 1063 4027 effe.

113 4063 184 4145 196.
199 4063 238 4125 E.
261 4059 311 4146 η’.]
337 4064 386 4127 Ex
402 4062 535 4150 Polybio
551 4064 704 4150 Excerpt.
718 4065 801 4151 Leg.
816 4062 903 4128 Edit.
919 4062 1109 4149 Schweigh.

67 4164 164 4229 XXI.
180 4183 229 4228 12.
246 4162 278 4227 in
293 4164 440 4251 responso
451 4164 611 4251 Scipionis
625 4166 667 4230 ad
681 4164 825 4253 legatum
841 4164 1017 4231 Antiochi:
1034 4165 1110 4245 “Ori

70 4269 98 4329 ii
114 4266 200 4341 ἐάσας
215 4265 335 4347 intirim
347 4273 395 4345 τῆς
406 4268 509 4343 Ἀσίας
521 4273 573 4342 τὰς
588 4267 722 4357 ἡμετέρας
736 4269 871 4353 novissi,
886 4267 932 4336 itai
945 4269 1108 4357 προσδίξᾶ·
