2692 4770
216 288 295 342 1210
404 281 444 342 D.
457 281 509 343 W.
527 281 740 343 ANIMADV.
759 281 809 343 IN
828 279 1063 345 PLUTARCHI

214 459 248 530 7.
266 465 327 511 10:
352 446 460 512 Tecum
474 446 629 536 Philippu
642 459 670 512 et
685 446 804 512 celerem
813 446 943 535 fugem,
959 445 1053 532 Senfi,
1075 440 1183 509 relicta
1197 463 1263 508 m

213 546 283 611 bene
298 547 455 636 parmula.
479 550 673 638 Stephanus
695 551 729 617 in
752 549 954 638 Fragmentie
975 548 1092 614 omifit.
1129 545 1256 614 Retulit

212 649 397 716 anokius
418 652 452 717 in
472 652 641 718 Annledtie
663 655 723 720 Gr.
748 653 839 719 Poet.
864 650 940 719 Vol.
964 653 1000 717 1.
1018 670 1052 738 p.
1076 666 1133 733 4o.
1155 647 1257 715 tertio

213 756 304 819 versu
332 753 469 820 reddens
492 758 583 832 Αὐτὸς
607 757 629 820 δ’
652 755 783 844 ἐξέφυγον
801 754 913 820 &ardre
938 753 1029 830 τέλος·
1060 753 1147 828 dreis
1169 750 1257 830 inim

211 853 343 943 'Eppium
375 860 418 936 ἐξ.
441 883 489 923 nr.
509 862 539 922 ei
562 884 603 924 x:
633 858 730 925 tertio
753 858 931 944 corrigens,
955 868 1084 922 mutato
1105 864 1257 933 accentu,

212 957 296 1039 leros,
319 969 532 1046 tegumentum.
568 961 685 1029 Verbo.
696 975 792 1028 tenus
812 959 1006 1026 Archilochi
1018 959 1142 1024 fuctum
1156 957 1257 1046 figni-

212 1059 569 1134 ficavitEullathius.nd
589 1063 781 1153 Dionyfium
799 1063 924 1150 Perieg.
939 1079 1015 1148 533.
1030 1065 1107 1146 767.
1145 1060 1257 1125 Philo-

211 1162 324 1240 stratus
345 1164 609 1253 vit.Ap0110nii
636 1168 681 1232 11.
706 1181 738 1251 7.
768 1187 803 1252 p.
825 1180 880 1251 55.
927 1162 1094 1243 Carmine,
1123 1176 1258 1251 propter

211 1266 330 1333 amoris
349 1267 604 1354 impudicitiam,-
613 1267 702 1357 juffu
723 1265 1055 1346 lacedaemoniorum,
1069 1287 1110 1330 ex
1127 1264 1259 1329 civitate

211 1381 391 1455 exportata,
406 1384 513 1437 narret
526 1370 675 1441 Valerius
689 1370 855 1436 Maximus
868 1370 930 1437 VI.
944 1389 978 1456 3.
997 1388 1028 1433 1.
1063 1366 1142 1433 Alin
1155 1365 1257 1431 etium

212 1468 254 1536 de
277 1470 436 1544 hocloco
452 1473 512 1560 ,qui
530 1473 725 1562 cognoscere
749 1472 872 1558 cupiat,
894 1470 989 1538 adeat
1011 1469 1258 1537 eruditiffimum

210 1573 393 1641 Jacoblium
422 1575 455 1641 in
482 1574 819 1643 Animadversionibus
853 1573 897 1640 ud
924 1573 1165 1663 Anthologiam
1194 1574 1255 1639 Gr.

211 1674 287 1740 Vol.
300 1677 334 1747 ,Ι.
349 1678 436 1745 Part.
451 1680 479 1745 1.
502 1702 536 1767 p.
555 1695 628 1765 150.
915 1738 920 1745 .

155 1858 157 1863 ¹
253 1796 329 1866 239.
345 1781 387 1847 C.
409 1780 478 1871 λά]
504 1783 614 1850 Pueris
631 1792 674 1849 'et
696 1783 814 1872 puellis
835 1781 1025 1850 communia
1042 1779 1133 1849 fuiue
1155 1781 1256 1858 sacre,

209 1878 288 1949 iicet
306 1882 358 1951 his
372 1885 476 1952 verbis
493 1910 561 1952 non
582 1886 660 1952 alibi
680 1886 857 1973 proditum,
871 1901 981 1951 tamen
995 1881 1190 1971 intelligitur
1202 1881 1257 1947 in·

210 1983 264 2064 de,
287 1985 376 2072 quod
401 1987 597 2068 saltationes,
623 1988 713 2069 felin,
733 1986 979 2054 exercitationes
1001 1985 1041 2052 iie
1062 2006 1257 2052 commune·

104 2106 109 2123 ·
209 2082 363 2151 fuerunt:
388 2087 508 2175 dequo
523 2086 910 2176 Institutoagit.Crugiue
926 2088 989 2152 111.
1005 2109 1038 2175 9.
1054 2107 1088 2172 3.
1104 2100 1138 2151 et
1151 2106 1187 2167 4.

252 2206 326 2274 239.
342 2188 385 2253 C.
407 2188 481 2275 test]
512 2193 555 2257 Et
576 2190 747 2278 fingulere',
770 2203 805 2259 et
824 2189 952 2257 seruile
972 2188 1176 2268 mendosum,
1197 2188 1255 2254 est.

208 2287 396 2375 Aliquando
416 2290 480 2358 fuit
496 2313 600 2378 quum
613 2296 811 2380 σκαριφιυτὴν,
827 2291 1000 2372 aleatorem,
1024 2289 1255 2378 corrigendum

207 2403 369 2476 putarem.
404 2392 477 2465 Nec
492 2393 663 2459 tamenim
684 2392 765 2481 quid
785 2392 971 2481 proficimus
980 2419 991 2474 ;
1020 2392 1174 2481 liquidem
1189 2395 1255 2458 ὁδι-

208 2495 319 2574 ericius,
343 2494 489 2582 injurium
498 2495 600 2582 serre,
623 2495 714 2561 laudi
734 2495 915 2566 ducebatur
935 2497 1060 2582 Spertae
1073 2521 1090 2560 ι,
1111 2511 1150 2561 ut
1170 2494 1255 2561 ridi·

208 2617 283 2661 mus
298 2597 399 2662 Instit.
415 2597 471 2670 ις’.
486 2613 520 2663 et
533 2597 704 2685 Apophth.
719 2622 754 2685 p.
767 2619 840 2686 190.
854 2601 903 2662 A:
919 2612 953 2664 et
966 2598 1140 2687 Exapapssas
1153 2601 1255 2687 Spar·

208 2711 304 2763 tanus
335 2700 393 2779 vir,
421 2714 622 2767 memoratur
653 2724 692 2767 ex
721 2701 947 2788 Theopompo,
974 2724 994 2766 a
1018 2701 1193 2768 Plutarcho
1219 2704 1254 2769 in

206 2801 285 2867 Vua
311 2800 466 2890 Lysandri
496 2824 530 2889 p.
549 2823 626 2885 442.
650 2805 696 2868 D.
742 2804 861 2890 Neque
884 2825 944 2890 pro
971 2812 1092 2870 πολλῶν
1117 2806 1254 2892 probem

206 2904 364 2987 πολεμίων,
378 2927 475 2991 quam
492 2906 581 2975 Mori
603 2905 822 2993 conjecturam
841 2904 993 2971 meminit
1011 2906 1189 2995 Gierigius,
1205 2907 1256 2974 vir

206 3005 415 3073 doetiffimus.
455 3072 461 3085 ,

249 3128 325 3197 239.
341 3110 382 3175 C.
405 3110 482 3196 λζ’.]
508 3112 551 3177 Et
565 3111 629 3177 hoc
644 3110 801 3198 singulare
815 3111 869 3176 est.
909 3112 1105 3198 Interpretee
1118 3111 1255 3199 quidum

206 3213 379 3300 raxxepe'pov
408 3234 576 3300 perperam
606 3213 835 3279 reddiderunt:
871 3212 1073 3300 Philelphus,
1096 3217 1256 3304 scutetum

205 3315 350 3379 militem:
373 3315 535 3394 Erasmus,
547 3315 728 3404 scutfferum
743 3315 885 3394 militem3
910 3315 995 3403 quafi
1015 3316 1091 3380 esset
1105 3317 1254 3399 σακεσφό-

207 3443 264 3505 ςος,
280 3431 317 3481 ut
333 3415 411 3482 Ald.
427 3418 548 3483 etuas.
566 3439 624 3503 pro
639 3418 746 3482 σάκκον
763 3417 872 3482 vitiose
886 3415 966 3481 dant
979 3417 1067 3481 σάκον
1080 3442 1088 3480 :
1113 3418 1254 3484 festivius

206 3520 388 3607 Amyotus:
413 3518 451 3582 ils
461 3518 561 3603 firent
575 3520 687 3583 mourir
701 3543 743 3581 un
758 3519 810 3606 qui
817 3519 930 3605 faisoit
943 3518 971 3581 le
984 3519 1119 3605 penitcnt
1137 3520 1255 3608 public,

200 3632 327 3711 portant
350 3646 409 3686 une
430 3620 516 3685 boire
538 3645 643 3687 comme
663 3646 704 3684 un
716 3624 776 3708 sac
787 3623 848 3709 sur
859 3624 903 3709 sa
923 3621 1072 3702 cheir—3
1094 3623 1181 3709 quasi
1202 3624 1254 3688 fa·

206 3723 333 3790 naticus
353 3723 581 3809 superstitiosus
603 3724 797 3810 fignificetur
817 3747 856 3789 ex
876 3746 915 3789 eo
931 3747 1062 3812 genere,
1082 3724 1174 3811 quod
1194 3748 1254 3790 co·

203 3827 378 3915 gnevimus
399 3847 433 3912 p.
451 3826 524 3890 168.
540 3827 595 3892 D:
621 3848 682 3892 nec
703 3827 808 3891 multo
828 3827 944 3892 melius
967 3827 1135 3894 Ricardus.
1173 3830 1253 3893 Me-

203 3929 267 3995 lius
287 3929 341 3995 alii
361 3927 500 4018 bajulus.-
523 3927 717 3994 vocabulum
730 3928 858 4015 posteris
873 3929 977 4016 magis
993 3930 1253 4017 frequentatum,

203 4030 437 4118 antiquioribus
453 4031 623 4117 ἂχθοφόρος.
1204 4092 1206 4097 .

249 4150 322 4216 239.
333 4130 375 4196 C.
389 4128 464 4214 λη’.]
485 4130 631 4210 Πυλαίαν,
643 4143 682 4198 ut
695 4151 783 4194 nunc
797 4130 840 4195 est
855 4130 963 4211 lenio,
975 4129 1103 4198 videtur
1116 4133 1253 4200 nomine

203 4233 335 4324 proprio
360 4248 486 4305 certum
507 4234 617 4307 locum
638 4230 778 4322 Pylaeam
798 4235 923 4301 dicere:
946 4234 1003 4322 qui
1017 4235 1109 4305 locus
1124 4236 1254 4323 Spartae
