2692 4770
230 292 290 368 916
354 314 367 353 ι
419 279 521 357 uw.
542 294 749 359 sumant.
767 298 816 360 ns
835 280 1064 360 hminem

231 478 306 522 euru
321 457 351 523 in
368 457 476 545 primis
489 460 614 526 valuisse
628 462 763 541 constat3
787 472 824 528 ut
838 462 907 527 haec
922 461 951 526 ei
965 461 1046 527 ratio
1060 451 1257 524 verifimilius
1303 525 1306 530 ,

231 558 399 637 tribuatur,
413 583 509 647 qnam
524 562 632 641 altera,
654 576 687 627 et
709 563 861 649 probetur
875 562 1040 651 Xylandro
1053 583 1091 625 ac
1100 558 1255 625 stanleia

231 657 311 722 Hill.
329 659 408 723 Phil.
422 662 460 726 Τ.
471 655 498 727 l.
512 682 545 748 p.
557 672 609 748 17.
624 677 662 729 ut
674 662 922 728 communiffima
936 684 975 727 ex
988 661 1042 727 illo
1056 661 1256 726 theoremate

167 794 174 807 ·
229 759 371 828 Euclidia
390 744 492 828 Elerir.
512 767 571 829 Vl.
585 785 619 846 4.
648 768 701 830 'At
718 750 908 830 dostishmus
929 763 1083 849 interpres
1098 761 1254 840 Gallicus,

229 861 278 924 Ia
292 863 385 927 Porte
397 865 453 929 Du
466 865 571 944 Theil,
587 865 793 930 Plutarchum
808 865 1011 952 reprehendit
1032 863 1129 950 longa
1147 861 1254 926 anim·

229 960 418 1042 adversione,
439 976 477 1029 ut
497 986 609 1051 parum
630 966 786 1031 subtiliter
798 966 839 1031 in
860 965 1001 1031 Thaletis
1015 964 1138 1029 ratione
1151 984 1253 1048 expo·

229 1063 334 1127 nenda
346 1066 521 1148 versatum,
550 1074 575 1108 “
588 1069 675 1132 Nam
690 1067 736 1132 ita
752 1089 828 1132 eum
847 1066 947 1153 loqui,
962 1066 1045 1152 quasi
1056 1063 1176 1130 ,Thales
1191 1085 1254 1150 pu·

207 1241 210 1251 .
228 1171 257 1221 l‘
269 1167 358 1231 tallet
370 1169 476 1254 neeeffe
487 1169 541 1256 ff
555 1168 690 1234 banalem
704 1170 735 1233 ira
746 1169 928 1234 extremitate
940 1168 1054 1232 umbrae
1068 1193 1088 1230 a
1101 1167 1256 1256 pyramide

228 1269 355 1356 “jutia
370 1271 463 1356 pani:
485 1282 513 1334 et
526 1272 635 1359 apicem
649 1283 710 1334 tam
725 1270 889 1359 pyramidis
909 1292 997 1357 qaam
1017 1269 1117 1332 buculi
1136 1267 1176 1332 ab
1196 1292 1256 1332 urso

227 1371 416 1457 “eodemque
430 1371 593 1460 redissetis
605 1371 778 1460 perstringi:
801 1395 936 1459 quorum
952 1385 1125 1457 utrumque
1138 1370 1252 1435 falsum

227 1474 252 1507 “
264 1469 343 1549 ess'e3
367 1470 530 1555 siquidem,
552 1485 586 1536 et
602 1472 717 1537 baculo
737 1471 813 1538 alibi
834 1473 933 1558 posito
954 1472 1066 1537 eadem
1088 1471 1253 1557 proportio

227 1574 253 1611 “
268 1570 497 1657 triangulorum
513 1572 642 1638 exiliatr
666 1597 726 1640 nec
740 1596 823 1638 unus
839 1573 988 1660 idemque
1001 1573 1107 1639 radius
1122 1572 1175 1638 sed
1185 1571 1253 1637 duo

225 1676 250 1711 “
264 1671 368 1736 diversi
392 1672 469 1737 radii
490 1673 573 1752 solis,
596 1673 676 1738 alter
696 1673 869 1762 pyramidis
889 1673 1027 1759 apicem,
1046 1673 1126 1739 alter
1146 1672 1254 1739 baculi

226 1778 251 1839 ‘.‘
265 1772 386 1859 apicem
402 1774 647 1861 perstringant?
683 1776 741 1854 At,
756 1774 843 1861 quod
858 1796 937 1862 pace
952 1774 1116 1841 dostiffimi
1132 1772 1188 1839 viri
1201 1772 1252 1837 di·

224 1872 339 1952 cimus,
354 1875 398 1938 nil
413 1876 455 1938 est
469 1875 502 1939 in
519 1875 618 1941 verbis
639 1874 812 1954 Plutarchi,
826 1875 914 1962 quod
929 1874 1013 1943 istam
1030 1874 1061 1938 ei
1076 1871 1251 1960 fuifferopi-

224 1973 365 2039 nionem
375 1988 502 2061 arguat.⁴
535 1977 652 2062 Neque
670 1975 757 2041 enim
772 1976 1005 2049 extremitatem
1019 1975 1140 2041 umbrae
1155 1995 1176 2038 a
1189 1995 1251 2062 py-

179 2166 182 2171 .
224 2073 344 2140 tumide
360 2074 456 2162 juthe
475 2089 512 2145 ut
533 2077 798 2156 unicumlocunr,
817 2077 849 2143 in
862 2100 928 2164 quo
941 2075 1131 2163 poniposlet
1149 2076 1251 2141 baeu·

223 2175 286 2255 lus,
308 2177 504 2256 memoravit,
524 2176 577 2242 sed
591 2183 768 2264 (quantum
781 2177 971 2264 intelligitur
984 2201 1025 2243 ex
1044 2175 1251 2263 perspicuita·

222 2280 266 2345 tia
279 2280 393 2358 studio,
405 2281 492 2368 quod
514 2296 548 2346 et
570 2281 634 2368 ipse
654 2281 780 2347 secutus
792 2282 836 2347 est
855 2281 1055 2359 Plutarchus,
1077 2291 1111 2345 et
1132 2276 1250 2349 Thale·

223 2392 290 2447 tem
303 2383 486 2468 sequentem
501 2382 638 2466 inducit)
662 2397 701 2447 ut
714 2381 913 2448 manifestum
935 2382 1043 2447 locum
1061 2394 1095 2445 et
1110 2379 1251 2451 maxime

222 2586 309 2670 ieepp
322 2589 369 2660 τῆς
383 2589 491 2660 ἀκτῖνος
505 2605 570 2650 non
584 2585 736 2671 fignificat
757 2587 881 2672 ejusdem
897 2585 978 2649 redii
996 2592 1096 2660 tastu,
1107 2581 1159 2647 sed
1175 2603 1248 2652 om·
1323 2636 1329 2650 .

222 2684 309 2764 nine,
326 2694 407 2751 tastu
421 2687 572 2761 radiorum
582 2687 670 2772 solis,
683 2685 841 2773 splendore
852 2685 950 2772 solis:
978 2685 1022 2750 ita
1043 2691 1057 2762 ἡ
1079 2685 1171 2763 iaris,
1194 2708 1248 2748 ra-

221 2787 300 2865 dius,
313 2786 345 2851 in
361 2788 506 2875 singulari
520 2811 655 2854 numeru
671 2789 808 2853 universe
821 2789 859 2851 de
872 2786 983 2851 lumine
989 2785 1064 2876 solis
1079 2785 1249 2870 usurpatur

220 2910 239 2953 a
258 2890 428 2955 Plutarcho
443 2893 495 2955 De
516 2892 608 2956 Facie
623 2891 655 2955 in
680 2892 765 2956 Orbe
780 2893 880 2955 Lunae
901 2912 934 2975 p.
950 2909 1025 2976 931.
1042 2890 1077 2952 E.
1116 2887 1248 2954 AEliauo

221 2993 296 3056 Var.
317 2993 398 3057 Hist.
413 2995 475 3058 lll.
493 3013 522 3058 1.
546 2995 637 3059 XIV.
657 2994 707 3057 18.
743 2993 825 3056 Aliae
848 2991 987 3057 rationes
1009 2990 1148 3057 solvendi
1170 3011 1246 3077 pro·

220 3093 367 3158 blematie
392 3093 500 3159 minus
520 3095 604 3159 arde
624 3108 681 3159 aut
699 3113 774 3159 cum
801 3094 1005 3158 Geometrica
1026 3092 1166 3170 scientia,
1192 3105 1248 3157 aut

219 3216 295 3260 cum
323 3194 467 3260 Thaletis
499 3194 651 3260 facultate
683 3217 720 3260 ac
754 3193 852 3259 modo
882 3215 1059 3281 congruere
1082 3192 1245 3261 ¹videntur.

218 3298 328 3364 Veluti
343 3298 397 3363 illa
411 3296 511 3363 Plinio
525 3310 559 3362 et
573 3297 714 3384 Diogeni
735 3295 873 3382 prodita,
888 3319 959 3382 quse
974 3294 1103 3362 ducitur
1117 3317 1157 3360 ex
1171 3317 1245 3362 um·

218 3400 274 3465 bra
288 3401 428 3487 corporis
442 3400 497 3465 illo
513 3414 667 3486 tempore,
677 3421 744 3484 quo
757 3399 870 3464 umbra
883 3397 1013 3483 aequalis
1026 3397 1068 3462 est
1084 3394 1247 3462 altitudini

153 3558 157 3567 .
217 3503 372 3588 corporis:
397 3501 483 3587 quod
502 3515 629 3586 tempus
648 3513 796 3564 accurate
811 3518 850 3565 ex
865 3497 1030 3586 preceptis
1045 3497 1121 3565 artis
1135 3498 1244 3562 Astro-

217 3605 352 3668 nomieae
370 3603 501 3667 delinire
519 3601 678 3667 difficilius
699 3600 824 3666 sortasse
845 3599 951 3678 suerit,
967 3619 1064 3685 quarn
1082 3619 1142 3683 pro
1155 3599 1243 3662 Tha·

216 3704 288 3768 letis
311 3705 530 3789 progressibus,
553 3714 591 3766 ut
616 3701 819 3767 verisimiliter
840 3713 951 3764 monet
969 3698 1121 3775 laudatus
1143 3699 1244 3764 inter·

217 3827 306 3892 pres:
331 3806 396 3871 sola
417 3821 525 3869 tamen
539 3804 753 3870 observatione
767 3816 800 3867 et
818 3801 985 3867 oculorum
1009 3803 1098 3867 sensu
1121 3815 1246 3889 poterat

217 3906 375 3985 constitui,
396 3906 507 3970 circuli
524 3904 750 3991 descriptione,
763 3903 857 3990 cujus
871 3902 975 3967 radius
991 3901 1121 3988 aequalis
1136 3903 1173 3967 stt
1187 3903 1244 3966 ba·

217 4010 302 4087 culn,
318 4009 373 4094 qui
394 4009 426 4072 in
450 4008 545 4094 hujus
559 4023 670 4072 centro
688 4005 728 4071 ad
745 4006 1008 4092 perpendiculum
1024 4008 1157 4093 figatur;
1179 4027 1244 4090 quo

215 4111 300 4177 enim
323 4124 467 4194 tempore
481 4109 602 4172 umbrae
621 4108 772 4173 abaculo
788 4107 886 4194 jadae
900 4106 1083 4180 extremitas
1095 4104 1243 4179 inciderit

214 4211 247 4275 in
268 4210 481 4298 peripheriam
497 4208 619 4287 circuli,
642 4209 704 4274 hoc
726 4208 785 4274 erit
797 4222 944 4295 tempus,
961 4230 1026 4293 quo
1040 4228 1175 4296 corpora
1195 4229 1240 4271 se·
