2692 4770
256 305 976 389 aroruru.uuc.nrnuc.p.190.n-o.
1058 309 1135 375 not

101 467 177 560 853.
192 475 230 540 E.
246 489 280 541 et
293 477 493 545 Archidamo
514 477 704 554 nominatim
727 477 760 542 in
784 475 891 542 Craffo
906 497 939 562 p.
953 493 1031 560 Ι544.
1045 472 1086 539 Β.
1101 486 1137 540 et

102 575 368 665 Cleomene817.
385 583 422 646 E.
1126 622 1128 627 v

144 697 219 763 190.
235 679 272 742 B.
296 684 513 745 ΒΡΑΣΙΔΟῬ.
537 680 592 767 αϊ]
616 679 810 747 Notavimus
832 700 866 766 p.
882 693 936 766 79.
952 676 990 742 E.

145 800 217 866 190.
231 782 269 846 B.
292 782 347 868 β’.]
374 784 568 847 Notavimus
578 782 619 847 ad
634 785 702 848 Ser.
714 783 817 848 Num.
829 781 927 847 Vind.
943 803 978 868 p.
991 799 1042 844 10.
1057 770 1139 858 editp

97 883 231 957 ueteris:
254 906 289 971 p.
303 886 379 968 548.
396 887 435 949 B.
470 887 544 953 Hoc
559 885 633 950 Ioco
648 906 707 973 pro
722 884 827 972 priore
841 884 955 958 ἀσπίδος
971 884 1027 947 dat
1042 881 1136 948 Harl.

99 986 222 1061 ἰλλάδος·
247 987 333 1075 quod
354 989 373 1051 sr
398 989 555 1075 postremo
576 989 651 1055 loco
672 1010 711 1054 ex
733 988 828 1075 ipfius
849 987 983 1052 Brasrdae
1004 985 1138 1072 persona
1232 1049 1237 1059 ,

98 1087 223 1154 dietum
237 1089 324 1168 ellat,
339 1103 468 1177 poterat
482 1113 541 1177 pro
555 1090 718 1164 Laconico
732 1088 890 1155 vocabulo
907 1087 1060 1177 clypeum
1074 1109 1137 1153 no-

99 1200 188 1255 tante
202 1191 317 1277 accipi.

145 1312 215 1379 190.
237 1296 276 1359 B.
308 1293 366 1381 γ’.]
403 1295 587 1383 Argileonia
616 1316 735 1361 nomen
765 1306 834 1360 erat
864 1286 961 1359 matri
987 1290 1138 1358 Brafidae.

97 1391 220 1459 Eadem
244 1418 293 1460 res
314 1409 460 1463 narratur
479 1396 512 1461 in
532 1396 783 1483 Apophthegm.
798 1397 876 1487 Lac.
899 1417 932 1481 p.
949 1413 1023 1475 240.
1040 1393 1081 1458 C.
1103 1406 1138 1459 et

98 1492 133 1560 in
156 1497 308 1585 Lycurgo
332 1520 367 1585 p.
389 1500 444 1582 55.
467 1500 513 1566 D.
553 1501 601 1564 Ut
621 1498 696 1577 alia,
719 1499 782 1562 sine
803 1496 921 1562 idonea
941 1495 1077 1575 ratione,
1103 1495 1139 1559 in

99 1598 246 1663 versuum
266 1599 401 1664 modum
424 1599 682 1687 redegit'auctor
704 1598 880 1664 stromatei
902 1597 986 1661 illiue
1007 1598 1140 1661 Prover⁴

98 1699 226 1764 biorum
246 1701 334 1788 apud
348 1701 534 1782 Schottum‚
554 1721 627 1770 122.
662 1698 785 1774 Πολλὼς
798 1707 839 1763 τῶ
855 1700 983 1786 Βρασίδα
995 1697 1140 1763 Λακεδαῐ-

99 1827 158 1884 μων
170 1804 300 1890 κὰρῤονας
313 1801 383 1889 ixa.
410 1803 534 1890 Attigit
547 1802 782 1870 Valckenarius
796 1800 961 1867 Theocrit.
977 1798 1141 1865 Adoniaz.

98 1924 134 1989 P·
149 1923 226 1989 304·

146 2026 218 2092 190.
230 2006 272 2070 C.
295 2006 476 2092 ΑΙἸΔΟΣ.]
504 2007 541 2072 111
557 2006 730 2094 Apophth.
749 2004 826 2072 Lac.
842 2020 917 2091 215.
932 2004 981 2072 Cr·
993 2003 1142 2070 disertiue

35 2148 40 2158 ·
101 2108 158 2172 sub
174 2107 243 2195 ejus
259 2110 389 2174 nomine
404 2109 474 2175 haec
491 2125 525 2175 et
543 2110 637 2197 plura
651 2110 833 2198 produntur
845 2110 957 2195 Ἀγίδος
969 2118 1019 2176 τοῦ
1032 2111 1140 2198 ’App-
1192 2192 1193 2195 Ἴ

100 2211 188 2294 idua.
227 2211 291 2277 Sed
311 2211 377 2277 duo
396 2212 528 2278 fuerunt
543 2214 607 2278 hoc
626 2213 758 2278 nomine
772 2227 806 2278 et
818 2205 1014 2301 cognomine
1033 2233 1144 2300 reges,

99 2314 180 2402 Agis
195 2316 395 2381 Archidami:
417 2317 506 2403 prior
519 2316 658 2404 Agesilai
673 2318 784 2406 magni
805 2318 904 2384 frater
922 2338 960 2382 ac
979 2315 1141 2381 decellora

100 2417 182 2482 alter
203 2418 343 2505 ejusdem
363 2418 516 2506 Agesilai,
535 2442 574 2484 ex
594 2420 660 2484 lilio
681 2419 881 2486 Archidamo
902 2441 1014 2507 nepos,
1029 2417 1086 2505 qui
1108 2416 1143 2483 iu

100 2540 213 2607 pugna
234 2518 381 2584 adversus
402 2520 613 2606 Antipatrum
636 2521 729 2587 obiit.
765 2523 915 2609 Quorum
937 2521 1023 2586 dicia
1042 2520 1092 2583 his
1108 2520 1144 2584 in

101 2621 450 2710 Apophthegrnatibus
477 2623 633 2688 confundi
659 2623 819 2689 videntur.
856 2624 1014 2689 Meurfius
1036 2625 1144 2709 Regu.

101 2725 180 2791 Lac.
198 2725 326 2789 XVIII.
343 2746 376 2810 p.
388 2725 441 2791 80.
457 2727 551 2790 XIX.
565 2747 599 2812 p.
614 2727 668 2790 86.
698 2726 880 2791 Larcherus
895 2724 1056 2791 Chronol.
1069 2725 1141 2789 He-

101 2827 209 2893 rodot.
223 2829 317 2894 Tom.
330 2828 409 2892 VII.
426 2849 459 2914 p.
474 2845 551 2912 507.
566 2843 644 2914 509.

148 2951 220 3017 190.
235 2929 275 2994 C.
291 2929 343 3015 a'.]
370 2930 544 3018 Apophth.
559 2933 638 2996 Lac.
655 2951 688 3017 p.
707 2947 784 3016 215.
795 2931 840 2998 D.
868 2931 1018 2998 Stobaeus
1032 2927 1143 2997 Iloril.

101 3031 167 3098 Tit.
183 3034 263 3098 VII.
277 3054 311 3120 p.
324 3034 376 3120 89.

147 3156 221 3222 190.
239 3138 279 3201 C.
302 3135 358 3222 β’.]
382 3134 554 3222 Apophth.
569 3137 646 3201 Lac.
663 3158 696 3224 p.
710 3149 784 3220 215.
796 3136 845 3200 D:
869 3129 957 3201 unde
972 3136 1024 3201 hic
1039 3135 1144 3201 coiri«

100 3236 245 3326 gendum
269 3236 425 3324 Μαντινείᾳ
448 3251 486 3303 ut
511 3238 609 3302 habet
627 3237 705 3323 Xyl.
722 3239 841 3303 Venet.
863 3237 956 3302 Harl.
980 3261 1054 3302 narn
1071 3238 1140 3303 vul·

101 3354 217 3428 gatum
239 3337 385 3426 Μαπινέᾳ
400 3338 548 3404 vitiosum
562 3361 608 3412 ea¹
615 3339 736 3404 Aldina
750 3339 783 3404 In
797 3339 1005 3404 Bafileensem
1020 3354 1054 3405 et
1068 3341 1143 3405 Ste-

102 3441 298 3529 phanianam
314 3440 412 3505 venit.
1120 3509 1122 3512 .

148 3565 222 3632 190.
237 3545 278 3607 C.
297 3541 354 3630 pfl]
380 3542 552 3630 Apophth.
566 3546 645 3609 Lac.
662 3565 696 3631 p.
709 3558 783 3629 215.
797 3546 837 3608 Ε.
859 3543 937 3609 Vita
951 3537 1094 3631 Lycurgi
1107 3566 1145 3631 p.

103 3663 157 3730 52.
174 3646 214 3711 C.
251 3648 417 3734 Quantam
434 3645 505 3711 Elei
521 3645 652 3731 justitiae
667 3646 797 3711 laudem
811 3645 983 3711 habuerint
996 3669 1035 3711 ex
1049 3646 1142 3734 judi-

104 3746 155 3812 cio
176 3748 217 3812 de
240 3748 413 3814 vitioribus
435 3747 627 3836 Olympicis‚
649 3748 814 3836 colligitur
838 3762 872 3813 et
893 3748 1023 3814 aliunde
1046 3763 1081 3813 et
1104 3771 1145 3814 ex-

103 3849 286 3929 Herodot0‚
310 3853 356 3915 II.
376 3854 447 3916 160.
492 3851 655 3916 Caeterurn
679 3851 734 3915 illa
758 3850 1144 3937 Armatam-anamim,

104 3964 142 4015 ut
162 3949 289 4016 duobus
310 3953 374 4018 illis
396 3953 501 4020 citatis
526 3954 688 4019 Plutarchi
706 3952 787 4018 locis
807 3954 903 4033 abeli,
923 3954 963 4018 fic
983 3954 1018 4018 in
1031 3953 1147 4018 codice

103 4053 243 4119 Veneto.

148 4177 222 4242 190.
237 4157 282 4226 D.
306 4156 354 4244 1.]
383 4159 557 4246 Apophth.
580 4161 659 4225 Lac.
682 4181 715 4244 p.
732 4161 806 4225 216.
824 4159 864 4225 C.
887 4174 920 4225 et
936 4163 1087 4248 Lycurgo
1109 4182 1147 4247 p.

102 4277 157 4347 52.
176 4259 224 4326 C:
247 4259 355 4346 priore
369 4261 444 4328 loco
458 4260 610 4332 tribuitur
623 4260 724 4348 Agidi
741 4261 879 4342 Iuniori,
895 4263 1063 4330 communi
1076 4263 1147 4328 fcr-

149 4382 238 4428 101.
257 4383 309 4430 vr.
610 4382 666 4442 4⁸
1031 4387 1034 4395 ·
