2692 4770
246 275 307 353 974
413 315 416 319 .
439 270 1086 335 111111111111111111111111119111
1129 322 1132 327 .

248 435 275 498 Ι.
291 435 366 519 926.
379 433 422 498 A.
445 435 488 501 est
504 435 673 526 χαμδότηςο
697 437 880 503 confufione
900 437 1068 525 frequente
1089 436 1121 502 in
1144 436 1198 502 bis
1219 461 1279 506 noe

247 534 400 619 minibus,
423 549 461 601 ut
483 539 528 602 Il.
554 539 647 620 1048.
675 539 715 604 C.
738 537 795 604 ubi
818 539 889 605 Jovi
913 540 1078 606 tribuitur.
1120 528 1280 627 Equidem

245 635 373 702 credam
389 651 562 726 utrumque
571 639 758 728 usurpatum
769 638 875 706 fuisse:
892 663 1086 728 quamquam
1101 644 1161 708 Ez.
1175 643 1280 730 Span-

247 739 375 812 hemius
389 740 429 805 ad
442 741 561 808 Juliani
578 742 716 808 Caelares
730 765 762 830 p.
771 762 848 830 339.
862 758 895 809 et
909 742 949 808 ad
963 744 1184 830 Aristophanis
1198 747 1279 812 Rau.

245 858 323 937 337.
346 841 447 909 solum
466 843 646 931 χαροτοδοτης
667 846 795 932 probat.
831 846 876 910 Et
896 845 1046 911 hocloco
1061 845 1153 910 Harl.
1172 865 1203 910 1.
1225 846 1282 916 dat

242 944 409 1030 χαροδὸτηςε
435 944 528 1011 Harl.
545 966 575 1013 2.
588 947 757 1034 χαμντῶδης.

291 1048 362 1133 158.
379 1051 414 1113 F.
437 1048 992 1140 ἆφμοὸοοίων-νόκτα-οτμοθᾶλλονταο]
1015 1051 1174 1118 Geminus
1188 1052 1279 1120 locus

245 1149 392 1238 Sympos.
408 1151 471 1216 lll.
485 1153 517 1216 6.
537 1174 570 1239 p.
583 1156 659 1238 654.
674 1153 719 1217 D.
739 1153 885 1218 adversus
900 1151 1088 1240 Epicurum,
1102 1152 1280 1221 admonens

244 1253 472 1341 παρακάλυμμα
496 1260 542 1332 τῆς
566 1258 653 1334 ἡδονῆς
678 1257 710 1319 τὸ
738 1255 836 1331 σκότος
859 1254 1040 1342 τροθεμέννς,
1063 1263 1157 1321 ταῦτα
1183 1258 1277 1348 opnio-

245 1378 354 1418 οαν-.

290 1456 362 1540 158.
377 1457 414 1520 F.
438 1456 599 1544 Κλεοδήμου]
627 1457 718 1522 Harl.
738 1476 767 1522 1.
779 1476 811 1524 2.
826 1457 998 1545 Κλεοδώρου.

286 1582 321 1647 p.
339 1575 411 1646 159.
426 1561 469 1625 A.
492 1559 694 1649 ωςετὲύτεμον]
722 1558 918 1647 πρετὲὕτατον
933 1560 1026 1625 Harl.
1044 1581 1073 1626 1.
1090 1578 1122 1628 2.
1138 1561 1236 1628 redde.

244 1770 284 1849 μὴ
299 1768 403 1844 laidas·
428 1765 516 1852 quod
531 1766 744 1853 probandum.

290 1884 362 1955 159.
377 1870 416 1935 B.
439 1868 646 1956 Alyoellorr-]
672 1868 831 1934 Eumdem
853 1889 977 1933 morem
1000 1881 1160 1934 memorat
1176 1869 1221 1933 ll.
1244 1892 1277 1958 p.

245 1974 320 2058 996.
340 1974 386 2037 E:
420 1971 559 2056 Alydrrlror
581 1978 635 2035 τῶν
655 1978 754 2060 tengrit
774 1974 822 2048 τὴν
839 1970 947 2035 κοιλίαν
967 1969 1103 2048 ἐξελόνῑος,
1119 1971 1140 2056 'l
1155 1972 1221 2058 πρὸς
1233 1973 1279 2037 rit

244 2077 319 2152 ἥλιον
334 2073 503 2160 ἀναχίζονῑες
523 2071 709 2151 indcium,
730 2075 765 2147 ὥς
785 2070 878 2136 αἰτίαν
901 2072 1027 2135 ἁπάντων
1047 2066 1083 2133 ὧν
1105 2076 1118 2133 l
1139 2070 1279 2161 ἄνθςατος

243 2179 373 2262 ἥμαρτεν.
418 2174 580 2262 Longiore
610 2172 789 2240 narratione
817 2195 857 2239 ex
880 2173 1054 2259 Euphanto
1081 2174 1179 2239 refert
1200 2176 1277 2240 Por·

243 2275 379 2365 phyrius
401 2276 453 2340 De
478 2273 601 2339 Abstin.
624 2277 681 2339 lV.
700 2296 750 2340 10.
778 2274 833 2362 qui
854 2288 888 2340 et
910 2275 974 2361 ipse
998 2274 1106 2338 κοιλίαν
1126 2275 1225 2341 eximi
1246 2288 1280 2342 et

245 2377 312 2453 Soli
327 2376 447 2442 ostendi
462 2376 585 2441 solitam
601 2376 657 2441 ait.
692 2377 791 2442 Unde
808 2376 871 2443 hoc
890 2376 963 2441 loco
977 2379 1009 2440 τὸ
1024 2377 1199 2464 σπλάγχνα,
1220 2378 1279 2445 five

244 2479 350 2566 ἔντερα,
373 2492 499 2543 retento
518 2482 603 2558 αὐτὰ,
623 2491 680 2559 apt
698 2478 761 2544 hoc
783 2477 816 2543 in
839 2482 922 2557 αὐτὴν
944 2493 1079 2556 mutato,
1102 2483 1150 2557 τὴν
1172 2479 1279 2543 1111111111

243 2580 468 2668 supplendum.
516 2580 680 2645 Caeterum
704 2580 804 2659 ἔδοξαν
827 2579 1049 2667 accipiendum
1064 2581 1165 2665 solent
1188 2581 1278 2666 osten·

244 2686 332 2747 dere:
347 2707 442 2772 quam
456 2683 518 2746 vim
534 2681 702 2770 attigimus
717 2705 750 2769 p.
765 2703 835 2763 141.
846 2686 883 2748 E.
907 2685 949 2746 Et
963 2682 1150 2746 Herodotus
1165 2684 1211 2747 ll.
1225 2685 1278 2748 86.

243 2787 490 2875 pretiosrffimam
505 2785 709 2850 condituram
723 2785 843 2871 prodit,
858 2807 920 2871 qua
934 2782 1027 2846 nortia
1042 2783 1246 2849 eximeretur.

290 2910 360 2974 159.
378 2890 417 2952 Β.
442 2892 523 2951 ἀλλὰ
543 2887 923 2970 θανατοῦντες-ἀδικοῦμεν]
953 2888 1061 2950 Acute
1083 2886 1153 2950 haee
1176 2887 1278 2953 inter·

244 2991 361 3076 pungit
383 2988 595 3054 Marklandus
617 2988 658 3053 ad
681 2990 818 3052 Maxim.
833 2990 909 3076 Tyr.
931 3009 963 3073 p.
979 2990 1063 3073 675:
1087 2993 1167 3052 olm
1185 2995 1278 3054 811111·

242 3102 347 3166 τοῡντες
367 3098 403 3155 τοὶ
430 3092 562 3177 ἔμψυχα,
583 3094 630 3154 καὶ
655 3097 692 3154 τοὶ
714 3092 846 3172 φυόμενα,
868 3097 907 3175 τῷ
926 3089 1064 3177 τρέφεθαν
1087 3093 1134 3153 καὶ
1154 3091 1281 3173 ordiebar

241 3193 400 3282 μετέχοντα
419 3201 467 3256 τοῦ
492 3195 548 3278 ζῇν,
569 3193 749 3272 anamim„
769 3195 922 3274 ἀδικοῦμεν·
951 3191 1054 3279 injuste
1073 3192 1192 3277 agimus
1215 3219 1280 3258 111111

211 3308 218 3320 “
241 3296 445 3384 interficientes
458 3296 605 3373 animato,
622 3306 684 3358 tum
700 3295 852 3382 perdentes
867 3293 993 3381 plantas
1007 3319 1077 3382 quae
1090 3296 1279 3383 1111111911νί1-

243 3400 318 3486 cipes
329 3399 417 3484 sunt,
434 3397 506 3484 quia
521 3395 645 3458 aluntur
659 3408 686 3459 11
701 3397 841 3482 crescunt.

289 3520 360 3586 159.
374 3500 414 3565 C.
436 3499 555 3585 Ὀρφέα]
581 3499 633 3562 De
648 3498 716 3585 ejus
731 3497 918 3562 abstinentia
931 3499 972 3562 ab
987 3496 1116 3562 animali
1131 3499 1205 3564 cibo
1218 3522 1279 3565 an·

244 3601 405 3689 tiquiffimi
420 3603 492 3666 suut
506 3602 596 3664 testes
611 3599 779 3686 Euripides
796 3598 967 3687 Hippolyt.
980 3620 1059 3686 992:
1082 3603 1157 3662 -lr'
1172 3601 1278 3688 ἂψύχο

242 3709 326 3791 βορᾶς
349 3704 442 3777 Σῖτονς
462 3703 593 3779 κατήλευ’
615 3703 723 3789 Ὀρφέα
743 3704 768 3764 τ’
789 3699 885 3766 ἄνακτ’
910 3701 993 3787 ἔχων·
1018 3701 1111 3789 cujus
1134 3703 1277 3768 testimo-

243 3807 332 3872 nium
358 3806 425 3869 aliis
450 3804 649 3869 confirmavit
678 3803 863 3869 testimoniis
893 3805 1137 3871 Valckenarius.
1186 3806 1277 3872 Plato

241 3914 323 3996 Iaeg.
338 3911 414 3973 Vll.
438 3931 471 3995 p.
487 3909 561 3972 626.
579 3908 631 3971 A:
663 3906 792 3993 'Oppiani
807 3933 875 3983 τινες
894 3908 1035 3993 λεγόμενον
1055 3908 1110 3986 βίοι
1133 3910 1278 3994 ἐγίγνοντο

239 4021 313 4095 ἡμῶν
333 4014 389 4085 τοῖς
402 4009 477 4088 τότε,
499 4009 619 4095 ἀψύχων
638 4010 688 4090 μὲν
707 4009 832 4097 ἐχόμενα
850 4011 978 4089 πάντων,
999 4011 1136 4095 ἐμψύχων
1158 4014 1186 4074 δὲ
1208 4003 1275 4076 τούᾸ

239 4110 342 4174 warrior
366 4109 483 4174 πάντων
504 4108 680 4193 ἀπεχόμενοι.
724 4107 873 4174 Adeatur
898 4125 931 4175 et
958 4111 1218 4178 Escbcnbuchlus
1240 4113 1275 4182 lu

240 4214 386 4301 Epigene
403 4210 548 4298 Orphieo
562 4233 595 4297 p.
613 4210 683 4276 186.
