2692 4770
303 313 525 375 runcum
539 314 672 376 sunm.
685 315 838 381 runnu.
850 337 879 396 p.
889 319 1035 390 nunc.
1130 325 1189 378 ιιι

155 471 210 539 tier
229 477 333 541 exstat
353 476 439 563 apud
461 478 668 545 Plutarchum
691 481 777 568 Opp.
797 483 884 559 Mor.
906 503 939 568 p.
955 498 1029 568 703.
1044 481 1087 546 A.
1111 482 1185 546 886.

152 575 193 640 D.
215 576 293 664 899.
308 579 349 642 B.
372 580 446 666 958.
468 583 507 645 E.
540 601 633 649 1002.
658 581 707 646 C:
744 583 821 648 item
847 584 1040 667 ζωτικώτατα,
1060 583 1187 670 pingere

149 677 275 765 pry'eclc
296 681 344 743 ad
360 680 488 745 vivum:
510 695 545 747 et
558 682 627 748 Vtt.
650 705 684 770 p.
700 701 774 770 793.
791 685 830 749 C.
855 688 973 767 ζωτικῶς
995 683 1079 771 ἔχει,
1100 683 1185 747 trito·

152 780 202 844 ten
216 784 284 868 ff·

192 900 268 968 130.
282 886 323 950 B.
346 886 538 973 κυριωτάτοις]
562 911 690 976 quornm
705 887 832 951 maxime
845 886 884 974 cst
896 889 927 952 in
940 887 1072 976 reliquas
1084 897 1186 974 partes

151 983 323 1050 dominium.
353 987 405 1053 Sic
420 1010 454 1074 p.
468 1010 521 1076 99.
535 990 579 1054 D.
603 988 707 1075 63.C.
732 990 856 1072 878.E.
872 991 956 1074 5.E.
981 992 1011 1053 8.
1026 989 1066 1052 C.
1091 1007 1184 1073 1029.

152 1084 188 1149 Ε.
221 1087 453 1176 Welselingius
468 1090 508 1155 ad
522 1089 659 1155 Diodor.
676 1090 740 1154 Sic.
755 1093 793 1154 T.
808 1094 834 1155 1.
850 1113 883 1177 p.
895 1093 948 1175 65.

193 1208 268 1274 130.
283 1192 323 1256 Β.
345 1191 509 1279 ἐνδιάθετον]
536 1194 571 1258 Si
592 1192 768 1279 opponitur
788 1197 916 1277 ndropcsi
932 1205 965 1258 et
986 1197 1104 1277 φυσικῷ,
1126 1214 1185 1254 nn·

153 1289 212 1355 tivo
229 1307 265 1357 et
284 1293 433 1373 naturali,
457 1296 489 1359 in
507 1295 584 1360 vitio
603 1294 767 1360 censetur:
791 1309 825 1360 at
847 1294 878 1359 in
899 1295 1005 1373 laude,
1028 1294 1048 1357 sr
1070 1295 1188 1358 externo

153 1406 184 1457 ct
193 1394 378 1483 superficiei,
394 1395 508 1460 ut'hoc
522 1396 607 1461 loco.
643 1394 801 1463 Videatur
813 1397 979 1463 annotatio
993 1417 1026 1482 p.
1042 1416 1097 1478 44.
1109 1396 1153 1461 A.

196 1513 270 1581 130.
284 1498 324 1562 Β.
348 1497 448 1583 tylos]
474 1497 657 1585 Requiritur
671 1499 746 1583 ἰχὺν,
764 1499 851 1586 quod
866 1499 987 1564 notavit
1002 1500 1093 1563 Men.

196 1608 272 1683 130.
286 1598 327 1662 Β.
351 1599 563 1686 opputatur]
596 1600 712 1666 Verius
734 1601 859 1666 videtur
879 1602 1103 1689 wnpnxdpnlnr,
1129 1600 1188 1665 od·

147 1698 276 1786 flectere,
292 1699 397 1781 idest,
412 1700 577 1767 intendere
590 1716 697 1789 partes
713 1702 840 1767 nicetus
858 1704 970 1788 easque
985 1704 1112 1769 fricanti
1125 1724 1187 1789 op·

157 1822 282 1888 ponere,
298 1824 364 1891 quo
386 1800 503 1867 certius
524 1824 577 1868 eas
595 1801 706 1866 fricet:
730 1804 873 1866 Verbum
897 1803 928 1865 in
950 1802 1075 1866 Lexicis
1089 1803 1187 1866 omis·¹

157 1902 234 1984 sum,
248 1926 318 1969 uno
331 1902 468 1969 Diodori
485 1903 586 1968 Siculi
608 1902 680 1968 loco
703 1903 837 1966 firmavit
856 1904 986 1971 Scottus
1002 1903 1035 1966 in
1050 1905 1187 1989 Appen·

158 2003 238 2071 dice:
262 2003 385 2071 AEliani
397 2007 473 2070 Vsr.
488 2006 570 2069 Hist.
588 2005 615 2068 1.
633 2025 684 2091 19.
703 2005 797 2070 verba
814 2025 873 2090 pro
886 2004 1017 2092 vulgato
1029 2006 1200 2093 ταςακάμ-,

157 2110 227 2186 τῖον,
249 2105 356 2194 magis
377 2106 538 2192 postulant
551 2106 758 2195 vrprno‘rpntsr,
779 2119 817 2170 ut
830 2105 926 2171 docet
940 2108 971 2172 J.
988 2106 1137 2173 Kuhnius
1154 2108 1189 2174 in

159 2207 284 2274 Indice:
316 2207 349 2273 in
372 2207 435 2272 hoc
460 2208 622 2273 Plutarchi
645 2208 717 2295 loco
739 2221 849 2273 tuetur
870 2209 901 2273 se
924 2222 957 2273 et
979 2209 1135 2274 sententia
1155 2223 1191 2274 et

159 2309 311 2399 nualogis.
347 2311 390 2373 Et
410 2311 600 2395 nnprynlrlnr
615 2310 650 2373 in
669 2310 793 2375 lexicis
807 2310 965 2388 omilium,
983 2309 1046 2374 hoc
1062 2309 1188 2375 Plutar-

159 2412 208 2476 chi
232 2411 307 2477 loco
332 2410 480 2497 apposuit
502 2411 587 2476 idem
607 2414 744 2477 Scottus
765 2412 798 2476 in
821 2410 1033 2498 Appendices
1066 2411 1120 2476 sed
1146 2411 1190 2476 est

160 2512 235 2579 alius
250 2513 343 2578 locus
358 2511 501 2599 ejusdem
517 2513 549 2578 in
566 2516 692 2600 Fragm.
707 2514 759 2578 De
770 2512 901 2592 Anima,
917 2515 1026 2578 nostrae
1040 2511 1191 2578 editionis

161 2616 184 2680 1.
196 2636 229 2698 4.
255 2615 312 2703 qui
333 2614 480 2701 praesenti
502 2614 578 2678 huic
595 2614 682 2678 dicto
698 2612 783 2678 idem
796 2612 939 2678 Verbum
959 2613 1119 2679 vindicare
1140 2615 1189 2708 vj·

161 2716 287 2784 deutur:
311 2716 358 2798 νον]
371 2716 590 2805 παρογκάτῖομεν
605 2716 653 2780 ἔθ’
673 2714 717 2780 irs
735 2717 766 2779 σδ
784 2723 903 2797 πνεῦμα,
923 2713 974 2802 κᾷν
995 2721 1033 2780 τοὶ
1051 2715 1119 2803 μέρη
1134 2720 1191 2793 τοῖς

160 2821 261 2904 δνσμοῑς
275 2817 497 2902 ,διαλαμάάνητας
515 2820 615 2906 χερσὶ,
634 2819 743 2906 σφόδρα
760 2816 893 2899 οτιέζομεν
911 2818 1030 2901 ἶςάμενοι
1052 2821 1124 2904 οτρδς
1141 2824 1191 2899 τὴν

160 2919 272 2984 διάδοσιν
284 2927 333 2983 τοῦ
347 2921 459 2995 πάθοις·
473 2921 617 3009 spiritum
631 2919 844 2998 intercidimus,
867 2920 1111 2984 intercludimus:
1133 2921 1191 3010 qui

160 3019 244 3087 locus
267 3021 344 3086 huic
362 3022 404 3086 est
420 3021 581 3108 geminus.
618 3021 764 3088 Similem
785 3021 926 3087 frudlum
948 3044 988 3086 ex
1010 3023 1191 3090 retentione

160 3122 280 3208 spiritus
300 3123 333 3188 in
356 3123 477 3211 ejulatu
499 3146 614 3211 pueros
637 3123 798 3210 percipere
821 3122 868 3188 sit
888 3123 1072 3191 Aristoteles
1095 3125 1189 3194 Polit.

160 3224 302 3312 V11.17.
745 3266 748 3271 ν

201 3348 273 3415 130.
289 3329 328 3393 Β.
350 3328 507 3413 τηροῦντας]
534 3328 609 3392 Hoc
628 3327 759 3414 quidem
784 3326 830 3392 ita
850 3327 1040 3415 suspedtum,
1058 3340 1096 3391 ut
1112 3349 1189 3392 cum

161 3427 255 3517 hujus
274 3428 338 3494 loci
361 3428 518 3494 sententia
538 3428 699 3493 conciliari
719 3441 877 3515 nequeat:
902 3427 1072 3516 requiritur
1089 3425 1188 3492 τάνον·

160 3556 218 3613 τοις,
230 3532 432 3598 intendentes:
449 3529 537 3618 quod
550 3543 584 3594 et
597 3531 642 3594 H.
653 3530 854 3595 Mercurialis
868 3531 984 3616 probat
997 3530 1070 3594 Art.
1083 3531 1189 3618 Gym·

161 3635 233 3698 nass.
244 3634 306 3698 Ill.
320 3637 352 3697 6.
369 3655 400 3718 p.
415 3649 488 3715 205.
504 3654 543 3695 ex
557 3630 760 3697 Medicorum
776 3631 946 3718 praeceptis
959 3644 992 3696 et
1005 3631 1190 3719 Aliptarum

160 3735 235 3798 usu:
275 3733 391 3820 quibus
419 3730 567 3796 addimus
594 3732 844 3816 Theophrastum
870 3733 922 3797 De
951 3732 1127 3800 Sudoribus
1155 3757 1189 3824 p.

94 3858 97 3863 ‘
161 3851 220 3918 459
234 3858 242 3899 ι
267 3832 321 3897 cui
335 3836 428 3907 ἐντοῖς
448 3831 620 3919 άλειτῖηςίοις
635 3845 854 3896 memorantur
865 3833 956 3908 -ἦτι
968 3839 1016 3898 τοῦ
1030 3834 1191 3916 πνεύματος

160 3931 374 4014 κάθεξις-ἄμα
387 3934 414 3996 δδ
427 3931 474 4013 κα]
487 3939 502 4010 ἡ
516 3933 642 4007 διάτασις
654 3939 702 3996 τοῦ
714 3931 922 4014 minores—-
949 3932 1003 3999 Sic
1018 3933 1190 3999 Plutarcho

161 4052 235 4099 mox
250 4032 367 4097 dicitur
379 4035 424 4098 D.
441 4033 566 4110 διάτασις
579 4039 627 4097 τοῦ
640 4032 804 4116 πνεύματος.

159 4192 163 4197 .
202 4154 274 4220 130.
289 4132 329 4199 C.
359 4134 598 4221 ἀναγινώσκοντας
619 4134 635 4213 ἢ
656 4136 871 4221 ἀναφωνοῦντας]
897 4135 1096 4202 Mutandum
1119 4135 1189 4217 lin

159 4234 212 4317 tol,
226 4251 265 4307 ut
278 4237 326 4319 fit,
343 4236 472 4326 legenter
482 4250 510 4306 ct
522 4238 761 4328 pronunciantes,
777 4236 810 4304 id
823 4238 879 4321 est,
890 4238 958 4305 olto
970 4262 1040 4305 voce
1049 4237 1189 4330 legenter.

627 4357 727 4428 3112
