2692 4770
281 332 509 395 consonat.
524 334 581 396 an
595 336 878 398 aeconomum.
892 336 1035 415 paona
1114 337 1174 413 σῃ

170 474 292 576 aomine3
321 495 378 563 sed
395 496 619 565 liberalitatem
640 501 724 589 grati
743 500 1001 588 interpretamur,
1019 521 1092 586 quae
1114 520 1175 565 no·
1198 472 1202 481 .

169 597 203 664 hi
219 599 364 688 egregios
384 601 592 690 antiquorum
611 602 810 690 Scriptorum
830 602 920 669 locos
940 599 1070 667 servarit
1087 600 1177 677 mul-

166 714 586 890 ¹⁰lthhld'rOHTlll02.]
600 807 713 895 Quum
726 804 950 871 consolationis
959 803 1099 870 officium
1111 802 1177 889 late

162 918 251 992 pateat
277 926 336 991 per
354 921 459 973 totam
482 907 592 987 vitam,
620 907 756 994 suscepit
777 907 840 973 hoc
863 908 1004 973 officium
1026 906 1120 993 eique
1141 905 1176 971 in

162 1004 254 1071 morali
268 1019 361 1094 perte
374 1008 485 1075 locum
500 1007 588 1074 dedit
605 1007 818 1094 Philosophia,
834 1008 953 1095 quippe
967 1029 1038 1094 quae
1055 1008 1086 1072 se
1100 1007 1177 1071 vita

161 1119 238 1172 mern
251 1133 287 1173 ac
306 1108 482 1198 magistram
501 1110 679 1197 profitetur.
715 1111 838 1177 Iocum
861 1107 1118 1175 Consolatorium
1136 1129 1177 1173 ex

163 1209 300 1276 Posidonii
328 1209 549 1277 distributione
577 1224 734 1277 memorat
762 1212 882 1276 Seneca
909 1209 1046 1297 Epistola
1070 1209 1176 1274 XCV.

160 1332 185 1398 p.
192 1326 268 1398 374:
284 1313 459 1399 Posidonius
471 1337 529 1378 non
543 1326 659 1379 tantum
669 1312 985 1402 praeoeptionmn-scd
997 1312 1085 1375 etiam
1095 1313 1176 1398 sua·

151 1412 257 1496 smmi,
271 1427 301 1478 et
315 1413 547 1503 consolationem,
561 1428 591 1479 et
606 1416 833 1480 exhortationem
845 1414 1031 1501 necefflrrinm
1042 1413 1177 1502 judicat.

158 1515 195 1579 Ex
219 1515 329 1581 iisdem
363 1515 519 1582 Posidonii
547 1518 690 1583 fontibus
717 1516 845 1582 hausisse
877 1515 1003 1603 videtur
1027 1515 1178 1603 pleraque

159 1616 292 1684 Eudorus
316 1616 534 1684 Academicus
555 1618 589 1684 in
612 1617 783 1706 partitione
809 1616 1020 1704 Philosophiae
1043 1616 1178 1682 Moralia

157 1716 230 1803 apud
250 1719 420 1784 Stobaeum
440 1719 556 1806 Eclog.
576 1719 684 1784 Ethic.
707 1742 741 1806 p.
759 1720 831 1798 161,
849 1719 929 1783 162:
953 1716 999 1793 nol
1017 1722 1030 1780 d
1046 1719 1096 1800 pli
1109 1719 1177 1805 περὶ

153 1827 196 1884 nii
216 1819 371 1885 atatim
389 1820 463 1906 πρός
486 1847 562 1897 τινας
585 1821 696 1909 πράξεις
724 1821 828 1903 (etna)
853 1823 992 1905 decipulam
1018 1818 1054 1893 εἷς
1075 1844 1108 1882 aa
1132 1821 1179 1883 rii

153 1925 300 1987 ὄιοδπικόν
328 1922 377 2000 nal
401 1926 449 1987 ali
472 1925 733 2012 promptulum-l
757 1924 785 1986 8}
807 1926 873 2010 περὶ
897 1931 951 1986 τῶν
975 1922 1179 2010 lampetii-rui

152 2027 266 2102 actitat
279 2027 529 2111 παραμοὴῐικὸς,
546 2023 754 2107 demandastis
773 2027 814 2095 to
836 2024 909 2110 πρὸς
924 2023 996 2086 lilani
1010 2027 1178 2107 παθολογι-

152 2121 198 2197 aa.
233 2123 365 2187 Horum
380 2124 654 2209 comparationem
669 2121 824 2209 persequi,
843 2121 990 2208 longum,
1005 2143 1065 2186 nec
1083 2121 1179 2209 hujue

152 2221 216 2302 loci,
232 2225 288 2288 est.
326 2223 390 2289 Sed
405 2224 665 2311 quandoquidem
689 2224 852 2310 Consolatio
871 2224 1015 2290 adversus
1028 2226 1101 2290 vitm
1123 2246 1179 2289 ca·

151 2322 314 2405 amintes,
337 2326 397 2390 sive
411 2349 499 2392 verae
514 2326 597 2405 illas,
619 2329 676 2391 sive
691 2328 847 2413 opinatae,
868 2327 1057 2406 adhibetur;
1081 2351 1177 2394 exco-

151 2423 236 2490 lenda
253 2427 316 2492 hac
341 2426 553 2515 Philosophiae
568 2446 657 2515 parte
675 2430 829 2515 paulatim
845 2430 878 2494 in
895 2430 1089 2517 Consolatorio
1103 2431 1179 2496 Loco

151 2541 192 2591 tot
203 2529 392 2594 exstiterunt
411 2531 519 2616 capita
537 2545 571 2595 et
589 2531 717 2608 scholae,
732 2546 812 2618 quot
831 2532 1025 2596 haberentur
1046 2531 1179 2596 calami·

152 2642 247 2694 tatum
268 2653 402 2719 genera.
438 2634 513 2719 Qua
534 2632 575 2699 de
598 2655 631 2698 re
655 2633 847 2698 Ciceronem
869 2633 1047 2710 audiamus,
1069 2631 1181 2698 ubido

153 2729 345 2798 consolantis
367 2733 472 2799 officio
491 2733 620 2812 disserit,
635 2736 729 2798 Tusc.
748 2735 809 2796 lll.
825 2753 886 2818 34:
912 2733 990 2798 Sunt
1004 2735 1078 2796 enim
1101 2747 1180 2798 certa

152 2835 261 2918 quade
274 2845 466 2922 paupertate,
488 2846 567 2899 certa
589 2859 657 2923 quae
678 2836 714 2898 de
731 2835 798 2898 vita
820 2835 995 2898 inhonorata
1010 2848 1038 2899 ct
1051 2835 1181 2923 ingloria

155 2933 182 3013 (i.
194 2957 223 3000 e.
248 2939 317 3022 arpi
338 2937 454 3018 ἀτιμίας
476 2935 522 3015 aa)
543 2938 665 3020 ἀδοξίας)
687 2937 747 3000 dici
758 2937 898 3025 fhlcant:
909 2936 1075 3025 separatim
1093 2952 1182 3003 certa

146 3036 244 3120 schola
254 3040 334 3125 sunt
349 3039 386 3101 de
404 3038 503 3118 exilio,
519 3039 556 3102 da
570 3040 695 3103 interitu
711 3040 836 3128 patrica,
852 3041 889 3104 da
899 3042 1060 3127 servitute,
1075 3043 1112 3105 da
1126 3043 1180 3106 de·

154 3137 269 3219 lilitate,
291 3140 329 3203 de
351 3142 490 3217 cecitate,
514 3141 551 3204 de
573 3141 651 3204 omni
672 3144 751 3231 casii,
770 3143 803 3205 in
824 3167 879 3229 quo
901 3167 1002 3208 noman
1021 3145 1091 3232 poni
1102 3144 1183 3231 solet

154 3237 347 3306 calamitatis:
376 3243 437 3306 haec
458 3243 563 3307 Graeci
587 3244 620 3307 in
634 3243 779 3331 stngulas
789 3245 920 3331 scholas,
942 3258 971 3308 et
991 3247 1023 3309 in
1040 3248 1180 3333 singulos

156 3340 233 3407 lihras
256 3344 453 3432 dispartiunt:
486 3359 557 3432 opus
578 3346 655 3409 enim
677 3359 836 3434 quaerunt:
874 3348 910 3431 (i.
926 3370 956 3412 e.
983 3347 1180 3436 lgyonuhoioi,

156 3445 231 3529 quod
252 3447 398 3511 Verbum
422 3446 602 3512 notavimus
624 3448 665 3511 ad
686 3469 720 3534 p.
736 3465 788 3531 71.
803 3449 861 3530 A.)
887 3474 1067 3537 quamquam
1084 3450 1182 3538 plena

155 3547 349 3634 disputationes
368 3548 568 3612 destitutionis
579 3550 669 3633 sunt.
706 3550 753 3612 Et
771 3561 868 3612 tamen
881 3564 914 3613 at
928 3552 1031 3614 modici
1046 3565 1102 3616 toto
1116 3576 1181 3618 cor·

154 3661 212 3733 pore
224 3651 356 3714 curando
371 3650 498 3714 minimae
512 3650 601 3714 etiam
620 3651 714 3739 parti,
726 3651 762 3735 si
775 3651 932 3731 condoluit,
948 3655 1101 3718 medentur
1113 3683 1120 3720 ε
1133 3657 1183 3742 fic

151 3751 322 3839 philosophia
337 3776 402 3815 oum
414 3749 584 3839 uniuersam
595 3753 806 3838 aegritudinem
816 3751 952 3838 sustulit,
970 3768 1066 3820 tamen
1069 3758 1105 3844 st
1117 3760 1182 3845 quis

154 3873 223 3915 mar
245 3853 371 3917 aliunde
395 3851 513 3938 castini,
534 3854 752 3942 sipaupertos
778 3856 942 3934 momordit,
961 3857 998 3941 st
1019 3857 1184 3946 ignominia
1228 3861 1232 3867 ⁴

150 3953 280 4040 pupugit,
290 3955 327 4039 ſs
339 3953 416 4040 quid
431 3954 619 4018 tenebrarum
642 3954 751 4041 ‹ffadit
772 3954 905 4036 exilium,
925 3970 1102 4039 ontearum,
1118 3982 1184 4048 quae

154 4057 225 4120 nodo
238 4057 317 4136 dixi,
327 4057 364 4142 ſs
376 4057 452 4144 quid
464 4057 588 4144 exslilil:
600 4057 798 4145 stragularum
824 4059 877 4142 (fic
897 4060 972 4148 lego
994 4083 1069 4126 cum
1085 4064 1183 4129 Iam·

153 4157 234 4240 bino,
257 4183 317 4248 pro
339 4174 368 4225 et
379 4163 413 4248 s
422 4161 630 4250 stngalarum)
653 4188 752 4240 rerum
763 4165 841 4250 siant
860 4167 990 4253 propria
1012 4168 1182 4255 coiisolatio-

153 4283 219 4326 nes.-
242 4263 402 4352 dequibus
418 4263 519 4329 audies
533 4276 566 4330 tu
581 4265 711 4353 quidem,
727 4288 791 4330 cum
803 4266 898 4338 voles.
930 4271 971 4334 Et
984 4284 1059 4353 ante
1074 4271 1183 4339 Philo·
