2692 4770
231 343 451 407 sumerum
464 349 763 412 summosam.
783 346 1078 428 ursan-nra.
1119 354 1176 407 ou

151 497 327 593 prodiderit
355 511 540 587 Plutarchus
566 515 601 578 in
622 513 700 580 Vita
718 513 796 580 Titi.
843 508 992 578 Historici
1012 509 1067 575 alii
1091 507 1183 573 aliter

152 623 290 673 mortem
311 611 376 676 Titi
391 613 623 699 prodiderunt:
646 616 687 683 do
708 639 844 704 quorum
868 614 1001 680 dissensu
1015 611 1184 676 videantur

156 710 195 774 1s.
224 711 432 780 Casaubonus
456 716 496 780 ad
519 718 652 783 Sueton.
676 719 741 784 Tit.
771 738 822 782 11.
857 714 1081 780 Tilletnontius
1100 713 1181 777 istst.

153 812 306 898 Imperat.
329 815 486 903 T.11.‘p.
508 821 560 886 26.
597 820 663 886 Dio
686 821 806 885 Cadius
830 817 950 883 LXVI.
968 818 1021 882 26.
1045 816 1076 880 in
1097 815 1184 903 aquit

155 911 275 978 Cutiliis
293 940 358 980 eum
378 918 475 1005 obiiffl
493 936 617 986 narrat:
630 922 792 986 ‘Aurelius
806 919 920 986 Vistor
940 919 992 983 Dc
1007 918 1122 983 Caesar.
1138 918 1182 989 X.

153 1011 318 1103 lautusque,
340 1042 452 1083 veneno
475 1021 609 1086 interiit.-
642 1023 677 1087 hi
702 1022 759 1087 soli
784 1021 922 1108 aliquam
946 1015 1183 1083 similitudinem
1270 1096 1281 1109 .

121 1126 126 1139 '
155 1137 229 1180 cum
254 1117 415 1184 Plutarchi
430 1123 610 1189 narratione
628 1124 781 1189 referunt.
816 1123 926 1188 Titum
948 1121 1070 1185 balneis
1091 1119 1184 1185 dedi.

155 1229 224 1282 tum
248 1219 339 1284 hrilse
357 1236 489 1306 apparet
510 1225 608 1289 etiam
631 1247 670 1289 ex
691 1225 761 1312 ejus
775 1224 861 1290 8180
882 1244 958 1288 mox
976 1220 1186 1286 memorando

156 1341 187 1404 p.
202 1339 277 1400 124.
294 1322 335 1386 C.
371 1324 523 1411 Vulgaris
540 1349 612 1391 mos
626 1328 818 1414 fignificatur
830 1326 864 1390 in
877 1324 1017 1412 Epicteti
1029 1323 1108 1389 Diss.
1120 1323 1185 1392 ΙΙΙ.

156 1439 207 1502 24·
229 1443 265 1508 ρ.
279 1444 364 1510 495:
388 1426 480 1512 cujus
502 1451 575 1516 pars
594 1429 700 1515 operis
715 1428 893 1515 quotidiani
907 1428 961 1506 est,
981 1431 1017 1500 εἰς
1030 1423 1186 1511 uspiam

155 1525 329 1611 προελθόντες
349 1527 396 1608 καὶ
415 1529 501 1615 ὀλίγα
514 1533 737 1617 περιπαΊήσαντες
751 1530 898 1611 adrudus,
912 1529 1102 1613 alra'payrir,
1126 1527 1188 1592 alra

156 1632 324 1709 κθψηθῆναν·
355 1653 496 1716 quocum
520 1635 673 1719 Uptonus
694 1632 859 1720 componit
880 1634 997 1696 Horat.
1022 1632 1088 1695 Sat.
1110 1631 1137 1694 I.
1152 1633 1186 1696 6.

159 1744 229 1814 125.
267 1733 320 1796 De
340 1735 449 1799 Verbo
471 1738 618 1814 νοσηλεύειν
640 1739 686 1801 Η.
708 1736 822 1822 Steph.
835 1735 930 1800 Thes.
954 1738 992 1799 L.
1010 1736 1069 1798 Gr.
1082 1732 1124 1798 T.
1140 1735 1186 1800 ΙΙ.

159 1850 191 1916 p.
206 1834 301 1918 1085.
318 1834 410 1923 cujus
428 1837 506 1901 locis
522 1838 681 1904 addantur
695 1838 864 1903 Musonius
878 1859 930 1923 ap.
946 1837 1037 1901 Stob.
1061 1858 1095 1922 p.
1112 1853 1150 1920 03
1152 1853 1186 1922 5.

160 1932 251 1999 Philo
270 1935 347 2002 Jud.
370 1959 404 2022 p.
417 1958 492 2023 523.
508 1941 550 2003 A.
573 1957 648 2026 529.
662 1942 701 2003 E.
726 1941 799 2023 878.
817 1941 856 2002 Β.
878 1960 930 2025 ap.
946 1939 1060 2002 Euseb.
1084 1932 1187 2021 Praep.

159 2030 279 2125 Evang.
294 2039 389 2103 VIII.
405 2061 438 2124 p.
452 2041 526 2125 380.
543 2041 584 2106 C.
614 2040 708 2106 ›Dion
725 2041 840 2129 Chrys.
856 2062 889 2126 p.
904 2058 980 2125 550.
997 2039 1036 2108 B.
1184 2032 1190 2039 ’

180 2210 184 2218 ,
200 2157 273 2224 123·
289 2141 329 2204 Ε.
349 2148 411 2228 σῦς
427 2144 468 2204 ἐπὶ
483 2143 580 2229 aruph]
605 2143 796 2208 Notavimus
810 2165 844 2229 p.
855 2143 909 2206 61.
923 2143 967 2205 Α.

201 2258 274 2326 103.
290 2243 329 2321 E,
344 2244 378 2306 P.
401 2246 450 2306 ὑπὸ
465 2244 661 2331 Φι>.ι’ππου-]
688 2243 876 2309 Plutarchus
892 2241 1138 2330 Apophthegm.
1153 2263 1188 2327 p.

162 2340 232 2425 178.
244 2343 298 2407 D:
323 2343 377 2407 ubi
390 2346 446 2424 08,
462 2346 514 2409 ὑπό
524 2373 593 2420 τινος
608 2346 670 2424 ξένε
687 2348 797 2424 κληθεὶς
811 2346 853 2409 tul
868 2348 978 2408 δεῖπνον.
1019 2345 1094 2409 Hoc
1115 2343 1189 2410 loco

160 2463 217 2528 pro
232 2445 377 2532 ἐπιχώριος
392 2445 470 2511 darrt
485 2449 526 2510 ἐπὶ
538 2449 648 2535 χώρας·
665 2447 743 2512 Ald.
754 2447 824 2511 Bas.
838 2447 915 2535 Xyl.
927 2445 1187 2511 E.Venet.Voff.

160 2545 337 2633 Vulgarum
357 2547 509 2613 exhibent
529 2552 660 2615 Jaunot.
683 2563 717 2612 et
740 2550 806 2612 Pol.
822 2548 908 2612 uude
922 2546 1029 2611 sumsit
1048 2545 1189 2634 Stepha-

159 2668 231 2713 nus.
267 2648 332 2712 Sed
347 2649 379 2712 in
394 2649 506 2714 eadem
526 2674 570 2728 re,
590 2650 736 2738 Sympos.
752 2651 847 2714 VIII.
865 2652 896 2712 6.
922 2670 955 2733 p.
972 2665 1046 2732 707.
1061 2650 1109 2712 B:
1132 2646 1191 2712 -8

159 2754 265 2815 παθεῖν
286 2749 417 2815 συνέπεσε
438 2759 478 2837 τῷ
500 2751 638 2837 δεχομένῳ
651 2755 697 2814 τὸν
719 2751 843 2830 βασιλέα
856 2749 995 2814 Φίλιππον
1008 2750 1050 2813 tat
1064 2756 1112 2826 τῆς
1122 2749 1189 2836 χῶ-

157 2881 218 2940 par.
242 2856 349 2942 Igitur
360 2856 524 2942 vulgatum
538 2855 682 2943 ἐπιχώριος
692 2853 781 2917 altori
795 2852 1012 2939 posthabeam:
1028 2851 1090 2917 hoc
1102 2852 1190 2916 enirn

158 2956 232 3022 loco
255 2957 448 3044 significatur
471 2959 569 3023 homo
592 2959 623 3020 in
645 2979 731 3042 agro,
755 2955 833 3038 ruri,
850 2956 969 3042 degens,
984 2952 1072 3040 quod
1086 2953 1129 3019 est
1147 2956 1191 3027 sal

152 3060 267 3147 χώρας,
283 3059 331 3124 vel
347 3062 389 3122 ἐπὶ
403 3067 450 3136 τῆς
469 3059 585 3147 χώραςι
611 3081 684 3123 uam
700 3056 852 3121 articulus
868 3055 1045 3142 promiscue
1058 3055 1090 3119 in
1106 3055 1191 3120 suni·

157 3160 243 3227 libus
258 3162 389 3248 quidem
403 3161 686 3247 compositionibus
697 3159 747 3224 vel
759 3158 941 3237 adhibetur,
955 3157 1003 3222 vel
1018 3158 1191 3240 omittitur,

158 3267 258 3333 veluti
281 3269 323 3330 ἰπὶ
344 3268 418 3345 ξένης
435 3280 468 3330 et
491 3267 532 3328 sal
554 3271 601 3341 τῆς
622 3264 707 3342 ξένης,
731 3266 770 3325 ἐπ’
784 3266 889 3349 ἀγορᾶς
902 3276 936 3324 et
954 3262 996 3324 ἐπὶ
1011 3266 1058 3336 τῆς
1072 3266 1191 3347 ἀγορᾶς.

158 3371 208 3434 At
230 3368 375 3455 ἐπιχώριος
396 3369 439 3432 est
460 3366 535 3432 civis
557 3366 684 3448 alicujus
701 3364 840 3451 regionis,
863 3387 921 3427 mos
939 3361 1105 3450 popularis,
1123 3386 1192 3425 con-

146 3472 268 3558 status,
283 3468 482 3535 vernaculus:
509 3489 568 3531 nec
591 3466 682 3529 aliter
700 3465 840 3530 occurrit
860 3462 946 3550 apud
968 3462 1192 3528 Plutarchum:

161 3595 191 3636 v.
203 3593 234 3648 c.
256 3572 345 3657 Opp.
360 3573 447 3634 Mor.
464 3593 496 3656 p.
511 3588 582 3654 151.
598 3569 640 3631 A.
657 3568 731 3651 857.
743 3567 788 3630 Β.’
809 3566 879 3632 Vit.
894 3567 925 3632 6.
937 3566 980 3628 Α.
995 3567 1049 3648 36.
1063 3565 1103 3628 C.
1120 3584 1193 3651 143⁴·

163 3673 206 3739 A.
232 3692 305 3757 174.
321 3676 363 3737 Β.
384 3673 457 3757 058.
472 3674 510 3735 Β.
535 3687 607 3755 073.
626 3670 666 3734 C.
688 3668 764 3754 305.
779 3671 824 3732 D.
846 3684 922 3751 345.
938 3669 977 3730 Β.
1007 3667 1084 3753 383.
1100 3668 1141 3731 C.
1158 3671 1196 3734 P.

159 3777 237 3858 462.
256 3778 291 3839 8.
325 3776 462 3860 507.[).
492 3775 566 3859 690.
581 3773 620 3835 E.
644 3772 778 3855 959.A:
816 3769 980 3833 Platonem
1004 3771 1085 3859 lag.
1098 3772 1195 3837 VIII.

164 3900 197 3965 p.
212 3881 288 3966 649.
305 3879 348 3942 G.
382 3879 455 3962 650.
479 3879 521 3941 Α.
554 3876 613 3938 IX.
629 3877 705 3938 662.
728 3875 771 3937 G.
804 3873 878 3956 663.
902 3873 941 3936 E.
979 3865 1195 3960 Xl.679.E=

165 3980 265 4056 Dion.
282 3979 396 4067 Chrys.
412 3979 468 4043 Or.
485 3978 605 4048 XLVI.
625 3997 658 4062 p.
671 3976 745 4059 817.
761 3976 813 4038 A:
835 3971 963 4037 Aristid.
977 3974 1016 4038 T.
1032 3973 1059 4037 Ι.
1075 3993 1109 4060 p.
1123 3988 1195 4059 075.

166 4084 207 4148 Τ.
222 4085 269 4148 11.
284 4104 317 4170 p.
333 4102 404 4161 140.
423 4082 494 4164 176.
511 4094 584 4165 095.

208 4206 242 4273 p.
256 4203 328 4265 124.
339 4185 382 4248 A.
405 4185 453 4260 τὴν
465 4179 544 4267 μέγα
558 4178 694 4262 σινομένην
707 4176 805 4264 ἄνδρας
818 4177 898 4261 αἰδῶ]
923 4173 1053 4240 Hesiodi
1061 4173 1151 4264 Ἐργ.
1165 4202 1198 4242 κ.

168 4288 243 4370 ‘Hp
257 4288 343 4373 318:
