2692 4770
239 300 325 376 'noo
433 317 471 375 o.
485 317 763 391 mammam:
784 320 832 378 m
851 292 1106 379 rnmmcnt'

241 477 388 562 oorfilium
407 490 503 543 tamen
513 482 604 567 ficum
624 481 777 569 aliquanto
791 481 894 546 melius
903 482 999 569 suiffe
1021 481 1140 544 diceret.
1180 480 1280 546 Ado·

243 580 421 645 narratione
435 604 531 647 omne
545 583 622 647 dicti
636 599 771 649 acumen
786 585 937 649 obrutum
952 585 1005 648 est.

179 730 182 736 -
287 683 359 747 188.
376 686 414 747 E.
438 684 476 768 1)]
481 684 506 767 ]
528 683 674 748 Indidem
690 707 723 770 p.
736 702 810 769 752.
825 689 864 750 E.

286 784 357 846 188.
372 784 409 847 Ε.
432 785 490 869 dh]
516 784 661 849 Indidem
677 807 709 871 p.
726 800 799 870 754.
815 785 858 850 A.
882 800 956 869 755.
971 787 1014 850 A.

284 885 356 948 188.
372 888 407 950 F.
430 885 485 970 u‘.]
518 886 664 951 Indidem
695 909 727 972 p.
744 904 818 972 755.
840 889 878 951 B.
904 887 990 953 unde
1016 887 1080 950 hoc
1107 886 1184 952 Ioco
1214 907 1278 972 pro

236 991 302 1059 σῶς
316 985 489 1072 legendum
504 988 547 1050 est
561 990 608 1065 ὥς,
623 988 709 1075 quod
724 988 800 1052 item
816 988 894 1052 dant
906 991 982 1054 Jun.
997 1002 1032 1051 et
1046 987 1141 1051 Harl.

283 1088 355 1150 188.
372 1089 407 1150 F.
431 1086 495 1170 ⁸52]
518 1087 664 1152 Indidem
679 1110 712 1175 p.
726 1105 801 1174 755.
814 1090 853 1154 B.
886 1088 1078 1153 Notavimus
1090 1088 1161 1175 jam
1176 1103 1277 1154 antea

278 1308 312 1373 p.
326 1288 396 1374 189.
409 1289 453 1352 A.
469 1288 532 1374 122]
559 1288 705 1355 Indidem
720 1313 754 1378 p.
768 1292 842 1375 758.
854 1291 899 1355 D.
914 1290 970 1354 ubi
984 1291 1201 1355 commoriens
1219 1292 1274 1358 ille

150 1439 152 1442 ,
234 1386 381 1452 scribitur
401 1391 565 1469 Θούδιππος,
586 1407 624 1455 ut
644 1392 740 1455 etiarn
755 1392 842 1456 Vols.
858 1407 892 1456 et
905 1394 1023 1455 Venet.
1043 1392 1120 1455 dant
1137 1392 1201 1456 hoc
1218 1393 1272 1458 Io·

234 1509 291 1552 co:
315 1488 423 1575 itaque
445 1490 521 1555 hinc
542 1490 701 1577 descripsit
719 1492 866 1557 AElianus
889 1494 966 1556 Var.
983 1492 1065 1556 Hist.
1082 1494 1179 1556 XIII.
1201 1513 1270 1574 41:

232 1589 416 1676 Ὀδυρομένων
440 1593 466 1654 δὲ
480 1600 533 1656 τῶν
551 1596 625 1673 μετὰ
643 1592 787 1668 Φωκίωνος
804 1593 961 1675 μελλόντων
982 1594 1175 1672 ἄποθνῆσκειν,
1197 1593 1274 1657 εἶπεν

232 1692 392 1772 ὀψωνίων,
415 1693 491 1757 Εἶτα
513 1698 560 1758 οὒκ
580 1699 705 1780 ἀγαπᾷς,
728 1696 880 1773 Θούδιππε,
897 1699 970 1775 μετὰ
983 1693 1127 1768 Φωκίωνος
1142 1697 1271 1772 ἀποθνή-

231 1816 316 1858 σκων·
352 1794 511 1883 elegantia
537 1797 580 1860 est
608 1796 640 1859 in
671 1797 801 1861 nomine
830 1795 959 1880 proprio
984 1795 1173 1859 collocando
1198 1798 1271 1882 post

232 1909 355 1983 partem
377 1896 585 1961 narrationis:
609 1919 703 1984 quem
719 1897 808 1960 usum
826 1896 899 1960 alibi
914 1896 1106 1959 notabimus.
1138 1896 1270 1962 Plutar-

231 1997 313 2062 chus
327 1999 378 2061 De
394 1997 450 2061 Sui
466 1997 574 2062 Laude
590 2019 623 2082 p.
633 2017 708 2082 541.
723 1999 762 2076 B,
777 1997 817 2061 C.
834 1996 954 2060 dictum
971 1996 1140 2060 Phocionis
1154 1999 1268 2077 refert,

230 2098 361 2162 alterius
375 2097 514 2162 hominis
529 2100 658 2162 nomine
672 2100 794 2163 omiss'o.
833 2099 931 2163 Corn.
947 2100 1058 2183 Nepos
1073 2098 1105 2161 in
1122 2099 1267 2165 Phocio-

229 2190 270 2262 ne
291 2199 350 2262 IV.
368 2218 402 2283 3.
421 2198 515 2261 aliam
538 2220 605 2262 rem
624 2215 741 2277 narrat,
762 2221 858 2284 quam
880 2199 949 2285 ejus
971 2199 1161 2285 interpretes
1183 2222 1266 2266 cum

228 2301 289 2365 hac
311 2323 330 2364 a
353 2301 523 2365 Plutarcho
543 2315 667 2364 narrata
681 2322 782 2388 quum
797 2299 1035 2364 communicare
1056 2315 1091 2364 et
1110 2296 1270 2368 eamdem*

228 2403 331 2468 facere
346 2416 517 2481 conantur,
533 2416 652 2466 temere
667 2401 881 2466 confundunt.
917 2401 1059 2466 Omnino
1078 2403 1192 2488 Nepos
1210 2404 1265 2468 di-

226 2505 328 2570 versos
353 2528 448 2593 quarn
476 2504 662 2569 Plutarchus
687 2505 814 2568 secutus
834 2505 876 2567 est
900 2504 1057 2586 auctores,
1084 2507 1202 2592 eosque
1229 2507 1265 2574 in

228 2605 422 2671 Phocionem
439 2606 621 2690 iniquiores.

270 2710 341 2792 189.
357 2711 399 2773 A.
417 2707 479 2792 182]
509 2707 652 2770 Indidem
668 2729 699 2792 p.
714 2706 787 2790 758.
800 2707 843 2770 D.
883 2706 980 2769 Paulo
995 2706 1137 2769 ornatius
1153 2709 1264 2773 AElia-

125 2859 129 2866 .
226 2832 285 2872 nus
306 2813 382 2873 Var.
400 2810 480 2872 Hlst.
498 2809 576 2871 XII.
593 2829 654 2892 49:
681 2806 759 2870 ’End
780 2809 806 2868 δὲ
828 2805 922 2892 ὤρεξεν
942 2814 954 2869 ὁ
974 2809 1062 2888 δήμιος
1076 2812 1123 2883 τὴν
1138 2809 1262 2889 κύλικα,

223 2915 247 2971 οἳ
264 2911 440 2994 προσήκοντες
454 2911 546 2996 ipsura
566 2908 590 2970 si
607 2936 633 2970 rr
654 2908 732 2990 λέγον
754 2909 826 2992 πρὸς
845 2910 890 2969 τὸν
910 2908 971 2970 υἱόν
997 2910 1065 2984 ddi,
1092 2912 1266 2986 Επισκῆπῖω

222 3017 298 3095 αὐτῷ
315 3014 395 3094 μηδὲν
413 3011 567 3088 Ἀθηναίοις
589 3010 801 3091 μνησικακήσων
825 3012 888 3093 ὑπὲρ
912 3016 957 3085 τῆς
976 3012 1047 3096 παρ’
1063 3015 1152 3074 αὐτῶν
1173 3029 1264 3096 φιλο·

221 3112 319 3189 τησῖας
334 3112 362 3190 ἧς
377 3120 419 3174 νῦν
432 3112 517 3174 πίνω.

267 3214 339 3300 189.
358 3215 393 3277 B.
424 3211 740 3277 ΠΕΙΣΙΣΤΡΑΤΟΥ.
772 3210 826 3295 ff]
860 3210 937 3287 ἡδέως
962 3213 1090 3297 γίνεῶαμ,
1109 3216 1265 3298 suaviter

220 3315 335 3403 degere,
348 3315 535 3402 suavitatem
549 3305 703 3400 percipere,
719 3312 921 3396 exposuimus
937 3335 968 3397 p.
985 3334 1056 3399 119.
1069 3317 1112 3376 D.
1128 3328 1162 3377 et
1180 3337 1264 3402 127.

221 3422 264 3482 A.
303 3419 340 3481 ln
365 3420 429 3479 καθ’
453 3416 553 3502 ἡμέραν
575 3438 710 3478 acumen
735 3415 852 3477 tubelle
873 3414 998 3478 videtur
1020 3416 1263 3502 ambiguitatis.

220 3519 349 3583 Etenim
366 3518 493 3604 proprie
508 3516 637 3604 quidem
654 3516 696 3578 est
715 3515 863 3601 quotidie3
887 3515 940 3579 sed
963 3518 1053 3600 poffit
1076 3518 1173 3581 etiam
1197 3543 1264 3585 ac-

219 3621 283 3705 cipi
308 3643 366 3705 pro
391 3624 454 3702 1118
481 3618 593 3707 ἡμέραν,
619 3617 773 3681 interdiu:
804 3630 841 3681 ut
854 3617 1011 3703 suavitati
1033 3619 1153 3681 diurrue
1177 3624 1263 3688 red.

217 3722 324 3786 denda
339 3723 375 3785 sn
386 3723 529 3808 suavitas
545 3729 699 3784 nocturno.

266 3829 337 3910 189.
352 3825 392 3888 C.
415 3824 473 3908 pst]
495 3822 642 3886 Velenus
664 3823 754 3884 Max.
770 3822 813 3882 V.
832 3840 861 3883 1.
881 3823 954 3883 mr.
972 3840 1013 3886 2:
1038 3820 1263 3906 Pffistratus...

216 3953 281 3993 eam
301 3923 464 4011 adolescens
485 3925 605 4011 quidam
628 3946 724 3986 amore
735 3922 822 4010 filice
838 3925 899 4010 ejus
912 3922 1042 4009 virginis
1057 3926 1204 4009 accensus,
1222 3930 1260 3994 in

212 4029 331 4117 publico
345 4026 461 4091 obviam
472 4025 536 4111 fibi
547 4024 668 4110 factum
693 4024 835 4110 osculatus
857 4025 933 4111 affut,
955 4025 1090 4086 hortante
1108 4049 1201 4090 uxore
1219 4046 1262 4096 ut

216 4133 256 4194 ab
278 4155 307 4193 eo
330 4127 457 4216 capitula
467 4125 648 4213 supplicium
661 4127 803 4210 sumeret,
827 4126 983 4211 respondit,
1004 4127 1037 4189 Si
1060 4149 1115 4203 eos,
1130 4129 1259 4213 quinos

215 4244 330 4311 aurant,
357 4228 557 4317 interficr'mus,
584 4228 657 4315 quid
681 4227 727 4290 his
739 4227 889 4312 fmiemus
909 4227 1013 4314 quibus
1037 4229 1101 4292 odio
1111 4230 1260 4315 sumus?
