<?xml version="1.0" encoding="UTF-8"?>
<!DOCTYPE html PUBLIC "-//W3C//DTD XHTML 1.0 Transitional//EN"
    "http://www.w3.org/TR/xhtml1/DTD/xhtml1-transitional.dtd">
<html xmlns="http://www.w3.org/1999/xhtml" xml:lang="en" lang="en">
 <head>
  <title>
</title>
<meta http-equiv="Content-Type" content="text/html;charset=utf-8" />
  <meta name='ocr-system' content='tesseract 3.04.00' />
  <meta name='ocr-capabilities' content='ocr_page ocr_carea ocr_par ocr_line ocrx_word'/>
</head>
<body>
  <div class='ocr_page' id='page_1' title='image "./plutarchichaero01plutgoog_0011.png"; bbox 0 0 2692 4770; ppageno 0'>
   <div class='ocr_carea' id='block_1_1' title="bbox 163 327 1047 389">
    <p class='ocr_par' dir='ltr' id='par_1_1' title="bbox 163 327 1047 389">
     <span class='ocr_line' id='line_1_1' title="bbox 163 327 1047 389; baseline 0.002 -5"><span class='ocrx_word' id='word_1_1' title='bbox 163 334 222 385; x_wconf 81' lang='lat'>552</span> <span class='ocrx_word' id='word_1_2' title='bbox 314 327 409 387; x_wconf 86' lang='lat' dir='ltr'><strong>D.W.</strong></span> <span class='ocrx_word' id='word_1_3' title='bbox 430 328 638 389; x_wconf 77' lang='lat' dir='ltr'><strong>ANIMADV.</strong></span> <span class='ocrx_word' id='word_1_4' title='bbox 658 329 705 388; x_wconf 92' lang='lat' dir='ltr'>IN</span> <span class='ocrx_word' id='word_1_5' title='bbox 727 329 953 388; x_wconf 83' lang='lat' dir='ltr'><strong>PLUTARCHI</strong></span> <span class='ocrx_word' id='word_1_6' title='bbox 974 330 1047 387; x_wconf 88' lang='lat' dir='ltr'><strong>LIB.</strong></span> 
     </span>
    </p>
   </div>
   <div class='ocr_carea' id='block_1_2' title="bbox 148 486 1209 4321">
    <p class='ocr_par' dir='ltr' id='par_1_2' title="bbox 162 486 1191 683">
     <span class='ocr_line' id='line_1_2' title="bbox 163 486 1191 577; baseline 0.001 -26"><span class='ocrx_word' id='word_1_7' title='bbox 163 486 320 553; x_wconf 82' lang='lat' dir='ltr'>maiorum</span> <span class='ocrx_word' id='word_1_8' title='bbox 341 498 375 554; x_wconf 88' lang='lat' dir='ltr'>et</span> <span class='ocrx_word' id='word_1_9' title='bbox 396 488 564 577; x_wconf 83' lang='lat' dir='ltr'>adeptione</span> <span class='ocrx_word' id='word_1_10' title='bbox 586 494 756 572; x_wconf 89' lang='lat' dir='ltr'>bonorum,</span> <span class='ocrx_word' id='word_1_11' title='bbox 780 490 833 557; x_wconf 84' lang='lat' dir='ltr'>sed</span> <span class='ocrx_word' id='word_1_12' title='bbox 854 504 888 558; x_wconf 85' lang='lat' dir='ltr'>et</span> <span class='ocrx_word' id='word_1_13' title='bbox 909 514 983 556; x_wconf 89' lang='lat' dir='ltr'>cum</span> <span class='ocrx_word' id='word_1_14' title='bbox 1002 490 1091 554; x_wconf 87' lang='lat' dir='ltr'>sensu</span> <span class='ocrx_word' id='word_1_15' title='bbox 1110 510 1191 553; x_wconf 87' lang='lat' dir='ltr'>con·</span> 
     </span>
     <span class='ocr_line' id='line_1_3' title="bbox 162 591 756 683; baseline 0.002 -26"><span class='ocrx_word' id='word_1_16' title='bbox 162 591 354 680; x_wconf 83' lang='lat' dir='ltr'>scientiaque</span> <span class='ocrx_word' id='word_1_17' title='bbox 370 594 532 681; x_wconf 85' lang='lat' dir='ltr'>utriusque</span> <span class='ocrx_word' id='word_1_18' title='bbox 548 595 756 683; x_wconf 84' lang='lat' dir='ltr'>conjungant.</span> 
     </span>
    </p>

    <p class='ocr_par' dir='ltr' id='par_1_3' title="bbox 156 693 1192 2179">
     <span class='ocr_line' id='line_1_4' title="bbox 204 693 1192 780; baseline -0.003 -22"><span class='ocrx_word' id='word_1_19' title='bbox 204 693 363 759; x_wconf 80' lang='lat' dir='ltr'>Adversus</span> <span class='ocrx_word' id='word_1_20' title='bbox 385 695 510 762; x_wconf 88' lang='lat' dir='ltr'>Stoicos</span> <span class='ocrx_word' id='word_1_21' title='bbox 528 696 581 760; x_wconf 90' lang='lat' dir='ltr'>alii</span> <span class='ocrx_word' id='word_1_22' title='bbox 604 699 676 760; x_wconf 88' lang='lat' dir='ltr'>sunt</span> <span class='ocrx_word' id='word_1_23' title='bbox 698 696 876 761; x_wconf 83' lang='lat' dir='ltr'>I‘Iutarchei</span> <span class='ocrx_word' id='word_1_24' title='bbox 899 695 989 759; x_wconf 83' lang='lat' dir='ltr'>libri:</span> <span class='ocrx_word' id='word_1_25' title='bbox 1013 718 1042 757; x_wconf 91' lang='lat' dir='ltr'><strong>v.</strong></span> <span class='ocrx_word' id='word_1_26' title='bbox 1056 718 1086 759; x_wconf 94' lang='lat' dir='ltr'><strong>c.</strong></span> <span class='ocrx_word' id='word_1_27' title='bbox 1119 695 1192 780; x_wconf 74' lang='grc' dir='ltr'>Περὶ</span> 
     </span>
     <span class='ocr_line' id='line_1_5' title="bbox 160 793 1192 884; baseline 0.002 -28"><span class='ocrx_word' id='word_1_28' title='bbox 160 793 293 858; x_wconf 74' lang='grc' dir='ltr'><strong><em>Στωικῶν</em></strong></span> <span class='ocrx_word' id='word_1_29' title='bbox 315 797 529 877; x_wconf 73' lang='grc' dir='ltr'><strong><em>ἐναντιωμάτων,</em></strong></span> <span class='ocrx_word' id='word_1_30' title='bbox 553 818 586 881; x_wconf 92' lang='lat' dir='ltr'>p.</span> <span class='ocrx_word' id='word_1_31' title='bbox 608 816 710 882; x_wconf 82' lang='lat'><strong>1033:</strong></span> <span class='ocrx_word' id='word_1_32' title='bbox 742 796 781 860; x_wconf 70' lang='grc' dir='ltr'>ὅτι</span> <span class='ocrx_word' id='word_1_33' title='bbox 800 797 1011 884; x_wconf 70' lang='grc' dir='ltr'>παραδοξότερα</span> <span class='ocrx_word' id='word_1_34' title='bbox 1029 802 1052 860; x_wconf 83' lang='lat' dir='ltr'>oi</span> <span class='ocrx_word' id='word_1_35' title='bbox 1070 796 1192 860; x_wconf 76' lang='grc' dir='ltr'><strong><em>Στωϊκοὶ</em></strong></span> 
     </span>
     <span class='ocr_line' id='line_1_6' title="bbox 161 897 1190 987; baseline 0.005 -30"><span class='ocrx_word' id='word_1_36' title='bbox 161 905 213 958; x_wconf 78' lang='grc' dir='ltr'>τῶν</span> <span class='ocrx_word' id='word_1_37' title='bbox 227 907 349 973; x_wconf 71' lang='grc' dir='ltr'><strong><em>ποιητῶν</em></strong></span> <span class='ocrx_word' id='word_1_38' title='bbox 363 897 504 982; x_wconf 59' lang='grc' dir='ltr'><strong><em>λέγουσιν,</em></strong></span> <span class='ocrx_word' id='word_1_39' title='bbox 524 899 616 986; x_wconf 86' lang='lat' dir='ltr'><strong>cujus</strong></span> <span class='ocrx_word' id='word_1_40' title='bbox 636 924 701 966; x_wconf 90' lang='lat' dir='ltr'>non</span> <span class='ocrx_word' id='word_1_41' title='bbox 717 903 770 966; x_wconf 82' lang='lat' dir='ltr'>nifi</span> <span class='ocrx_word' id='word_1_42' title='bbox 786 900 1013 987; x_wconf 79' lang='lat' dir='ltr'>compendium</span> <span class='ocrx_word' id='word_1_43' title='bbox 1027 902 1135 979; x_wconf 80' lang='lat' dir='ltr'>exstat,</span> <span class='ocrx_word' id='word_1_44' title='bbox 1156 922 1190 986; x_wconf 90' lang='lat' dir='ltr'>p.</span> 
     </span>
     <span class='ocr_line' id='line_1_7' title="bbox 164 1000 1190 1087; baseline 0.005 -30"><span class='ocrx_word' id='word_1_45' title='bbox 164 1010 243 1079; x_wconf 81' lang='lat'><strong>1057</strong></span> <span class='ocrx_word' id='word_1_46' title='bbox 258 1023 265 1059; x_wconf 92' lang='lat'><strong>:</strong></span> <span class='ocrx_word' id='word_1_47' title='bbox 289 1000 359 1083; x_wconf 74' lang='grc' dir='ltr'>Περὶ</span> <span class='ocrx_word' id='word_1_48' title='bbox 373 1007 426 1061; x_wconf 86' lang='grc' dir='ltr'>τῶν</span> <span class='ocrx_word' id='word_1_49' title='bbox 440 1008 531 1063; x_wconf 79' lang='grc' dir='ltr'><strong><em>κοινῶν</em></strong></span> <span class='ocrx_word' id='word_1_50' title='bbox 546 1004 645 1065; x_wconf 76' lang='grc' dir='ltr'><strong><em>ἐννοιῶν</em></strong></span> <span class='ocrx_word' id='word_1_51' title='bbox 657 1004 721 1087; x_wconf 68' lang='grc' dir='ltr'><strong><em>προς</em></strong></span> <span class='ocrx_word' id='word_1_52' title='bbox 734 1000 783 1075; x_wconf 71' lang='grc' dir='ltr'>τῶς</span> <span class='ocrx_word' id='word_1_53' title='bbox 796 1000 935 1079; x_wconf 73' lang='grc' dir='ltr'><strong><em>Στωικὲς,</em></strong></span> <span class='ocrx_word' id='word_1_54' title='bbox 952 1023 984 1086; x_wconf 89' lang='lat' dir='ltr'>p.</span> <span class='ocrx_word' id='word_1_55' title='bbox 999 1002 1099 1084; x_wconf 83' lang='lat'><strong>1058:</strong></span> <span class='ocrx_word' id='word_1_56' title='bbox 1124 1000 1190 1062; x_wconf 87' lang='lat' dir='ltr'><strong>Ilo&#39;·</strong></span> 
     </span>
     <span class='ocr_line' id='line_1_8' title="bbox 160 1100 1190 1191; baseline 0.005 -31"><span class='ocrx_word' id='word_1_57' title='bbox 160 1124 227 1184; x_wconf 74' lang='grc' dir='ltr'>τερα</span> <span class='ocrx_word' id='word_1_58' title='bbox 239 1107 293 1162; x_wconf 82' lang='grc' dir='ltr'>τῶν</span> <span class='ocrx_word' id='word_1_59' title='bbox 314 1100 385 1170; x_wconf 76' lang='grc' dir='ltr'><strong><em>ζώων</em></strong></span> <span class='ocrx_word' id='word_1_60' title='bbox 405 1102 602 1190; x_wconf 64' lang='grc' dir='ltr'><strong><em>φρονιμώτεροι,</em></strong></span> <span class='ocrx_word' id='word_1_61' title='bbox 620 1107 659 1167; x_wconf 83' lang='grc' dir='ltr'>τοὶ</span> <span class='ocrx_word' id='word_1_62' title='bbox 676 1108 814 1189; x_wconf 75' lang='grc' dir='ltr'><strong><em>χερσαῖοι,</em></strong></span> <span class='ocrx_word' id='word_1_63' title='bbox 836 1102 851 1181; x_wconf 77' lang='grc' dir='ltr'>ἢ</span> <span class='ocrx_word' id='word_1_64' title='bbox 873 1109 911 1167; x_wconf 78' lang='grc' dir='ltr'>σοὶ</span> <span class='ocrx_word' id='word_1_65' title='bbox 932 1103 1046 1191; x_wconf 68' lang='grc' dir='ltr'><strong><em>ἔνυδροι</em></strong></span> <span class='ocrx_word' id='word_1_66' title='bbox 1069 1117 1103 1166; x_wconf 85' lang='lat' dir='ltr'>et</span> <span class='ocrx_word' id='word_1_67' title='bbox 1117 1103 1190 1165; x_wconf 85' lang='lat' dir='ltr'>sue·</span> 
     </span>
     <span class='ocr_line' id='line_1_9' title="bbox 160 1202 1189 1292; baseline 0.006 -29"><span class='ocrx_word' id='word_1_68' title='bbox 160 1213 248 1279; x_wconf 85' lang='lat' dir='ltr'>runt,</span> <span class='ocrx_word' id='word_1_69' title='bbox 261 1202 330 1289; x_wconf 70' lang='grc' dir='ltr'>περὶ</span> <span class='ocrx_word' id='word_1_70' title='bbox 343 1203 485 1280; x_wconf 71' lang='grc' dir='ltr'><strong><em>συνηθείας</em></strong></span> <span class='ocrx_word' id='word_1_71' title='bbox 497 1205 571 1292; x_wconf 69' lang='grc' dir='ltr'>πρὸς</span> <span class='ocrx_word' id='word_1_72' title='bbox 583 1205 644 1279; x_wconf 80' lang='grc' dir='ltr'><strong><em>τοὺς</em></strong></span> <span class='ocrx_word' id='word_1_73' title='bbox 661 1205 801 1285; x_wconf 69' lang='grc' dir='ltr'><strong><em>Στωικὲς,</em></strong></span> <span class='ocrx_word' id='word_1_74' title='bbox 820 1218 1016 1271; x_wconf 84' lang='lat' dir='ltr'>memoratus</span> <span class='ocrx_word' id='word_1_75' title='bbox 1039 1206 1070 1269; x_wconf 87' lang='lat' dir='ltr'>in</span> <span class='ocrx_word' id='word_1_76' title='bbox 1091 1208 1189 1269; x_wconf 80' lang='lat' dir='ltr'>Lam·</span> 
     </span>
     <span class='ocr_line' id='line_1_10' title="bbox 159 1302 1189 1394; baseline 0.005 -29"><span class='ocrx_word' id='word_1_77' title='bbox 159 1302 236 1385; x_wconf 84' lang='lat' dir='ltr'>priae</span> <span class='ocrx_word' id='word_1_78' title='bbox 253 1304 423 1393; x_wconf 79' lang='lat' dir='ltr'>Catalogo,</span> <span class='ocrx_word' id='word_1_79' title='bbox 438 1309 541 1371; x_wconf 90' lang='lat' dir='ltr'><strong>Num.</strong></span> <span class='ocrx_word' id='word_1_80' title='bbox 556 1309 717 1373; x_wconf 90' lang='lat' dir='ltr'><strong>LXXVI:</strong></span> <span class='ocrx_word' id='word_1_81' title='bbox 742 1309 873 1375; x_wconf 79' lang='grc' dir='ltr'><strong><em>Στωικῶν</em></strong></span> <span class='ocrx_word' id='word_1_82' title='bbox 887 1310 934 1372; x_wconf 79' lang='grc' dir='ltr'>καὶ</span> <span class='ocrx_word' id='word_1_83' title='bbox 948 1307 1126 1394; x_wconf 68' lang='grc' dir='ltr'><strong><em>Έιιικνρείων</em></strong></span> <span class='ocrx_word' id='word_1_84' title='bbox 1140 1313 1189 1370; x_wconf 81' lang='grc' dir='ltr'>ἐκ·</span> 
     </span>
     <span class='ocr_line' id='line_1_11' title="bbox 159 1403 1190 1496; baseline 0.005 -32"><span class='ocrx_word' id='word_1_85' title='bbox 159 1403 243 1489; x_wconf 74' lang='grc' dir='ltr'><strong><em>λογα)</em></strong></span> <span class='ocrx_word' id='word_1_86' title='bbox 256 1405 301 1484; x_wconf 60' lang='grc' dir='ltr'>καὶ</span> <span class='ocrx_word' id='word_1_87' title='bbox 314 1405 443 1492; x_wconf 79' lang='grc' dir='ltr'><strong><em>ἔλεγχοι,</em></strong></span> <span class='ocrx_word' id='word_1_88' title='bbox 458 1406 502 1472; x_wconf 93' lang='lat' dir='ltr'>ib.</span> <span class='ocrx_word' id='word_1_89' title='bbox 515 1407 670 1474; x_wconf 84' lang='lat' dir='ltr'>CXLIV:</span> <span class='ocrx_word' id='word_1_90' title='bbox 694 1408 788 1491; x_wconf 58' lang='lat' dir='ltr'>Airiop</span> <span class='ocrx_word' id='word_1_91' title='bbox 800 1417 854 1473; x_wconf 85' lang='grc' dir='ltr'>σῶν</span> <span class='ocrx_word' id='word_1_92' title='bbox 865 1407 1080 1496; x_wconf 69' lang='grc' dir='ltr'><strong><em>περιφερομένων</em></strong></span> <span class='ocrx_word' id='word_1_93' title='bbox 1093 1407 1190 1474; x_wconf 80' lang='grc' dir='ltr'><strong><em>Στωι-</em></strong></span> 
     </span>
     <span class='ocr_line' id='line_1_12' title="bbox 159 1508 1190 1599; baseline 0.004 -31"><span class='ocrx_word' id='word_1_94' title='bbox 159 1514 214 1569; x_wconf 84' lang='grc' dir='ltr'>κῶν</span> <span class='ocrx_word' id='word_1_95' title='bbox 231 1509 298 1592; x_wconf 73' lang='grc' dir='ltr'>περὶ</span> <span class='ocrx_word' id='word_1_96' title='bbox 319 1514 433 1595; x_wconf 66' lang='grc' dir='ltr'><strong><em>ἡμερῶν,</em></strong></span> <span class='ocrx_word' id='word_1_97' title='bbox 456 1509 499 1575; x_wconf 91' lang='lat' dir='ltr'>ib.</span> <span class='ocrx_word' id='word_1_98' title='bbox 516 1510 658 1575; x_wconf 87' lang='lat' dir='ltr'>CXLV:</span> <span class='ocrx_word' id='word_1_99' title='bbox 686 1512 757 1596; x_wconf 75' lang='grc' dir='ltr'>Περὶ</span> <span class='ocrx_word' id='word_1_100' title='bbox 779 1518 827 1574; x_wconf 81' lang='grc' dir='ltr'>τοῦ</span> <span class='ocrx_word' id='word_1_101' title='bbox 848 1511 952 1599; x_wconf 72' lang='grc' dir='ltr'><strong><em>πρῶτον</em></strong></span> <span class='ocrx_word' id='word_1_102' title='bbox 974 1508 1101 1591; x_wconf 69' lang='lat' dir='ltr'>inopius,</span> <span class='ocrx_word' id='word_1_103' title='bbox 1123 1511 1190 1597; x_wconf 71' lang='grc' dir='ltr'>πρὸς</span> 
     </span>
     <span class='ocr_line' id='line_1_13' title="bbox 158 1609 1188 1700; baseline 0.005 -30"><span class='ocrx_word' id='word_1_104' title='bbox 158 1609 329 1694; x_wconf 72' lang='grc' dir='ltr'><strong><em>Χρύσιππον,</em></strong></span> <span class='ocrx_word' id='word_1_105' title='bbox 344 1610 421 1675; x_wconf 84' lang='lat' dir='ltr'>ibid.</span> <span class='ocrx_word' id='word_1_106' title='bbox 435 1612 608 1676; x_wconf 88' lang='lat' dir='ltr'><strong>CXLVII:</strong></span> <span class='ocrx_word' id='word_1_107' title='bbox 632 1614 704 1700; x_wconf 73' lang='grc' dir='ltr'>Περὶ</span> <span class='ocrx_word' id='word_1_108' title='bbox 719 1619 755 1676; x_wconf 77' lang='grc' dir='ltr'>τῶ</span> <span class='ocrx_word' id='word_1_109' title='bbox 769 1616 809 1693; x_wconf 75' lang='grc' dir='ltr'>ἐφ’</span> <span class='ocrx_word' id='word_1_110' title='bbox 819 1618 892 1696; x_wconf 79' lang='grc' dir='ltr'><strong><em>ἡμῖν,</em></strong></span> <span class='ocrx_word' id='word_1_111' title='bbox 906 1614 971 1699; x_wconf 70' lang='grc' dir='ltr'>πρὸς</span> <span class='ocrx_word' id='word_1_112' title='bbox 983 1610 1033 1686; x_wconf 65' lang='grc' dir='ltr'>τῶς</span> <span class='ocrx_word' id='word_1_113' title='bbox 1046 1611 1188 1685; x_wconf 72' lang='grc' dir='ltr'>Στωικές.</span> 
     </span>
     <span class='ocr_line' id='line_1_14' title="bbox 159 1711 1189 1800; baseline 0.002 -25"><span class='ocrx_word' id='word_1_114' title='bbox 159 1711 229 1796; x_wconf 86' lang='lat' dir='ltr'>Ipse</span> <span class='ocrx_word' id='word_1_115' title='bbox 244 1711 432 1777; x_wconf 80' lang='lat' dir='ltr'>Plutarchus</span> <span class='ocrx_word' id='word_1_116' title='bbox 448 1714 614 1800; x_wconf 85' lang='lat' dir='ltr'>profitetur</span> <span class='ocrx_word' id='word_1_117' title='bbox 636 1715 666 1778; x_wconf 88' lang='lat' dir='ltr'>se</span> <span class='ocrx_word' id='word_1_118' title='bbox 688 1713 832 1799; x_wconf 82' lang='lat' dir='ltr'>scripfiss&#39;e</span> <span class='ocrx_word' id='word_1_119' title='bbox 850 1728 960 1779; x_wconf 85' lang='lat' dir='ltr'>contra</span> <span class='ocrx_word' id='word_1_120' title='bbox 975 1712 1189 1800; x_wconf 84' lang='lat' dir='ltr'>Chryfippum</span> 
     </span>
     <span class='ocr_line' id='line_1_15' title="bbox 156 1811 1190 1902; baseline 0.005 -30"><span class='ocrx_word' id='word_1_121' title='bbox 156 1811 193 1873; x_wconf 82' lang='lat' dir='ltr'>de</span> <span class='ocrx_word' id='word_1_122' title='bbox 207 1811 356 1876; x_wconf 83' lang='lat' dir='ltr'>contraria</span> <span class='ocrx_word' id='word_1_123' title='bbox 370 1815 485 1878; x_wconf 80' lang='lat' dir='ltr'>ratione</span> <span class='ocrx_word' id='word_1_124' title='bbox 502 1816 652 1901; x_wconf 82' lang='lat' dir='ltr'>ponenda,</span> <span class='ocrx_word' id='word_1_125' title='bbox 674 1816 726 1880; x_wconf 83' lang='lat' dir='ltr'>De</span> <span class='ocrx_word' id='word_1_126' title='bbox 749 1817 897 1902; x_wconf 86' lang='lat' dir='ltr'>Repugn.</span> <span class='ocrx_word' id='word_1_127' title='bbox 920 1815 1019 1879; x_wconf 90' lang='lat' dir='ltr'>Stoic.</span> <span class='ocrx_word' id='word_1_128' title='bbox 1045 1836 1077 1899; x_wconf 90' lang='lat' dir='ltr'>p.</span> <span class='ocrx_word' id='word_1_129' title='bbox 1096 1816 1190 1898; x_wconf 85' lang='lat'><strong>1036.</strong></span> 
     </span>
     <span class='ocr_line' id='line_1_16' title="bbox 156 1912 1188 2001; baseline 0.003 -27"><span class='ocrx_word' id='word_1_130' title='bbox 156 1912 199 1974; x_wconf 87' lang='lat' dir='ltr'><strong>A.</strong></span> <span class='ocrx_word' id='word_1_131' title='bbox 215 1926 248 1974; x_wconf 86' lang='lat' dir='ltr'>ct</span> <span class='ocrx_word' id='word_1_132' title='bbox 269 1929 321 1998; x_wconf 79' lang='lat' dir='ltr'>pro</span> <span class='ocrx_word' id='word_1_133' title='bbox 338 1912 472 1993; x_wconf 70' lang='lat' dir='ltr'>Platone,</span> <span class='ocrx_word' id='word_1_134' title='bbox 486 1913 563 1978; x_wconf 90' lang='lat' dir='ltr'>ibid.</span> <span class='ocrx_word' id='word_1_135' title='bbox 578 1936 610 1999; x_wconf 93' lang='lat' dir='ltr'>p.</span> <span class='ocrx_word' id='word_1_136' title='bbox 624 1935 716 1994; x_wconf 86' lang='lat'><strong>1040.</strong></span> <span class='ocrx_word' id='word_1_137' title='bbox 731 1916 773 1979; x_wconf 87' lang='lat' dir='ltr'>A.</span> <span class='ocrx_word' id='word_1_138' title='bbox 787 1938 859 2001; x_wconf 88' lang='lat' dir='ltr'>quae</span> <span class='ocrx_word' id='word_1_139' title='bbox 879 1915 1063 2000; x_wconf 80' lang='lat' dir='ltr'>scriptiones</span> <span class='ocrx_word' id='word_1_140' title='bbox 1077 1926 1188 1977; x_wconf 86' lang='lat' dir='ltr'>utrum</span> 
     </span>
     <span class='ocr_line' id='line_1_17' title="bbox 158 2014 1188 2104; baseline 0.007 -31"><span class='ocrx_word' id='word_1_141' title='bbox 158 2014 327 2098; x_wconf 79' lang='lat' dir='ltr'>singulares</span> <span class='ocrx_word' id='word_1_142' title='bbox 341 2015 471 2095; x_wconf 86' lang='lat' dir='ltr'>suerint,</span> <span class='ocrx_word' id='word_1_143' title='bbox 491 2038 531 2079; x_wconf 87' lang='lat' dir='ltr'>an</span> <span class='ocrx_word' id='word_1_144' title='bbox 554 2014 680 2081; x_wconf 82' lang='lat' dir='ltr'>illarum</span> <span class='ocrx_word' id='word_1_145' title='bbox 701 2016 897 2104; x_wconf 86' lang='lat' dir='ltr'>perditarum</span> <span class='ocrx_word' id='word_1_146' title='bbox 919 2029 1037 2102; x_wconf 82' lang='lat' dir='ltr'>partes,</span> <span class='ocrx_word' id='word_1_147' title='bbox 1054 2016 1188 2080; x_wconf 85' lang='lat' dir='ltr'>statuere</span> 
     </span>
     <span class='ocr_line' id='line_1_18' title="bbox 156 2115 323 2179; baseline 0.012 -2"><span class='ocrx_word' id='word_1_148' title='bbox 156 2115 323 2179; x_wconf 87' lang='lat' dir='ltr'>nonlicet.</span> 
     </span>
    </p>

    <p class='ocr_par' dir='ltr' id='par_1_4' title="bbox 148 2217 1209 4321">
     <span class='ocr_line' id='line_1_19' title="bbox 199 2217 1188 2309; baseline 0.004 -29"><span class='ocrx_word' id='word_1_149' title='bbox 199 2232 251 2301; x_wconf 84' lang='lat'><strong>75.</strong></span> <span class='ocrx_word' id='word_1_150' title='bbox 266 2220 308 2281; x_wconf 77' lang='lat' dir='ltr'><strong>A.</strong></span> <span class='ocrx_word' id='word_1_151' title='bbox 330 2217 380 2293; x_wconf 78' lang='grc' dir='ltr'>Τίς</span> <span class='ocrx_word' id='word_1_152' title='bbox 393 2227 446 2282; x_wconf 80' lang='grc' dir='ltr'>τῶν</span> <span class='ocrx_word' id='word_1_153' title='bbox 465 2219 682 2305; x_wconf 76' lang='grc' dir='ltr'><strong><em>λόγων-σώσει</em></strong></span> <span class='ocrx_word' id='word_1_154' title='bbox 698 2225 800 2307; x_wconf 74' lang='grc' dir='ltr'><strong><em>τὴν-]</em></strong></span> <span class='ocrx_word' id='word_1_155' title='bbox 829 2221 909 2307; x_wconf 80' lang='lat' dir='ltr'>Quae</span> <span class='ocrx_word' id='word_1_156' title='bbox 921 2221 1010 2300; x_wconf 83' lang='lat' dir='ltr'>ratio,</span> <span class='ocrx_word' id='word_1_157' title='bbox 1027 2245 1097 2308; x_wconf 70' lang='grc' dir='ltr'><strong><em>ροισι</em></strong></span> <span class='ocrx_word' id='word_1_158' title='bbox 1115 2220 1188 2309; x_wconf 80' lang='lat' dir='ltr'>pbi-</span> 
     </span>
     <span class='ocr_line' id='line_1_20' title="bbox 155 2316 1187 2410; baseline 0.005 -30"><span class='ocrx_word' id='word_1_159' title='bbox 155 2316 288 2406; x_wconf 78' lang='lat' dir='ltr'>losopbiae</span> <span class='ocrx_word' id='word_1_160' title='bbox 298 2321 385 2405; x_wconf 74' lang='lat' dir='ltr'>setta</span> <span class='ocrx_word' id='word_1_161' title='bbox 399 2333 427 2384; x_wconf 82' lang='lat' dir='ltr'>et</span> <span class='ocrx_word' id='word_1_162' title='bbox 436 2322 601 2410; x_wconf 71' lang='lat' dir='ltr'>sententio,</span> <span class='ocrx_word' id='word_1_163' title='bbox 616 2346 684 2409; x_wconf 80' lang='lat' dir='ltr'>quae</span> <span class='ocrx_word' id='word_1_164' title='bbox 698 2323 753 2388; x_wconf 82' lang='lat' dir='ltr'>vio</span> <span class='ocrx_word' id='word_1_165' title='bbox 767 2334 795 2385; x_wconf 84' lang='lat' dir='ltr'>et</span> <span class='ocrx_word' id='word_1_166' title='bbox 815 2347 869 2386; x_wconf 83' lang='lat' dir='ltr'>cau</span> <span class='ocrx_word' id='word_1_167' title='bbox 893 2349 924 2402; x_wconf 89' lang='grc' dir='ltr'>ιι,</span> <span class='ocrx_word' id='word_1_168' title='bbox 934 2322 1074 2408; x_wconf 80' lang='lat' dir='ltr'>servabit</span> <span class='ocrx_word' id='word_1_169' title='bbox 1089 2347 1124 2385; x_wconf 84' lang='lat' dir='ltr'>nc</span> <span class='ocrx_word' id='word_1_170' title='bbox 1138 2346 1187 2385; x_wconf 83' lang='lat' dir='ltr'>re-</span> 
     </span>
     <span class='ocr_line' id='line_1_21' title="bbox 156 2420 1192 2509; baseline 0.003 -27"><span class='ocrx_word' id='word_1_171' title='bbox 156 2420 261 2483; x_wconf 77' lang='lat' dir='ltr'>tinebit</span> <span class='ocrx_word' id='word_1_172' title='bbox 271 2421 390 2507; x_wconf 71' lang='lat' dir='ltr'>[erficm</span> <span class='ocrx_word' id='word_1_173' title='bbox 414 2421 668 2509; x_wconf 63' lang='lat' dir='ltr'>corffcientiamquc</span> <span class='ocrx_word' id='word_1_174' title='bbox 687 2422 890 2509; x_wconf 79' lang='lat' dir='ltr'>progrcfflonis</span> <span class='ocrx_word' id='word_1_175' title='bbox 907 2424 950 2485; x_wconf 82' lang='lat' dir='ltr'>od</span> <span class='ocrx_word' id='word_1_176' title='bbox 968 2422 1140 2486; x_wconf 76' lang='lat' dir='ltr'>virtutem?</span> <span class='ocrx_word' id='word_1_177' title='bbox 1155 2423 1192 2509; x_wconf 84' lang='lat' dir='ltr'><em>fi</em></span> 
     </span>
     <span class='ocr_line' id='line_1_22' title="bbox 152 2520 1187 2608; baseline 0.009 -28"><span class='ocrx_word' id='word_1_178' title='bbox 152 2520 359 2607; x_wconf 67' lang='lat' dir='ltr'>progrqffioncs</span> <span class='ocrx_word' id='word_1_179' title='bbox 381 2521 497 2586; x_wconf 85' lang='lat' dir='ltr'>nullam</span> <span class='ocrx_word' id='word_1_180' title='bbox 513 2521 640 2607; x_wconf 72' lang='lat' dir='ltr'>saciant</span> <span class='ocrx_word' id='word_1_181' title='bbox 657 2521 801 2608; x_wconf 66' lang='lat' dir='ltr'>stultitiae</span> <span class='ocrx_word' id='word_1_182' title='bbox 825 2522 1063 2608; x_wconf 68' lang='lat' dir='ltr'>remiffioncm-.</span> <span class='ocrx_word' id='word_1_183' title='bbox 1106 2527 1187 2588; x_wconf 86' lang='lat' dir='ltr'>Rem</span> 
     </span>
     <span class='ocr_line' id='line_1_23' title="bbox 153 2619 1187 2711; baseline 0.005 -28"><span class='ocrx_word' id='word_1_184' title='bbox 153 2619 252 2706; x_wconf 88' lang='lat' dir='ltr'>ipsam</span> <span class='ocrx_word' id='word_1_185' title='bbox 274 2621 373 2688; x_wconf 92' lang='lat' dir='ltr'>modo</span> <span class='ocrx_word' id='word_1_186' title='bbox 396 2623 573 2711; x_wconf 81' lang='lat' dir='ltr'>attigimus.</span> <span class='ocrx_word' id='word_1_187' title='bbox 612 2622 727 2688; x_wconf 83' lang='lat' dir='ltr'>Cicero</span> <span class='ocrx_word' id='word_1_188' title='bbox 746 2625 798 2688; x_wconf 88' lang='lat' dir='ltr'>De</span> <span class='ocrx_word' id='word_1_189' title='bbox 818 2624 886 2689; x_wconf 84' lang='lat' dir='ltr'>Fin.</span> <span class='ocrx_word' id='word_1_190' title='bbox 902 2625 961 2687; x_wconf 91' lang='lat' dir='ltr'>IV.</span> <span class='ocrx_word' id='word_1_191' title='bbox 980 2644 1035 2704; x_wconf 82' lang='lat'>24:</span> <span class='ocrx_word' id='word_1_192' title='bbox 1059 2624 1187 2688; x_wconf 79' lang='lat' dir='ltr'>Levatio</span> 
     </span>
     <span class='ocr_line' id='line_1_24' title="bbox 153 2722 1186 2813; baseline 0.004 -28"><span class='ocrx_word' id='word_1_193' title='bbox 153 2722 249 2809; x_wconf 83' lang='lat' dir='ltr'>igitur</span> <span class='ocrx_word' id='word_1_194' title='bbox 270 2725 411 2789; x_wconf 78' lang='lat' dir='ltr'>vitiorum</span> <span class='ocrx_word' id='word_1_195' title='bbox 434 2724 604 2813; x_wconf 80' lang='lat' dir='ltr'>magnafit</span> <span class='ocrx_word' id='word_1_196' title='bbox 623 2725 672 2803; x_wconf 85' lang='lat' dir='ltr'>iis,</span> <span class='ocrx_word' id='word_1_197' title='bbox 688 2726 740 2812; x_wconf 82' lang='lat' dir='ltr'>qui</span> <span class='ocrx_word' id='word_1_198' title='bbox 764 2726 873 2789; x_wconf 80' lang='lat' dir='ltr'>habent</span> <span class='ocrx_word' id='word_1_199' title='bbox 894 2727 938 2788; x_wconf 86' lang='lat' dir='ltr'>ad</span> <span class='ocrx_word' id='word_1_200' title='bbox 953 2726 1095 2789; x_wconf 77' lang='lat' dir='ltr'>virtutem</span> <span class='ocrx_word' id='word_1_201' title='bbox 1114 2741 1186 2812; x_wconf 84' lang='lat' dir='ltr'>pro·</span> 
     </span>
     <span class='ocr_line' id='line_1_25' title="bbox 148 2823 1190 2911; baseline 0.005 -28"><span class='ocrx_word' id='word_1_202' title='bbox 148 2823 301 2908; x_wconf 62' lang='lat' dir='ltr'>grqffiouis</span> <span class='ocrx_word' id='word_1_203' title='bbox 315 2824 516 2910; x_wconf 79' lang='lat' dir='ltr'>aliquantum.</span> <span class='ocrx_word' id='word_1_204' title='bbox 558 2823 647 2908; x_wconf 61' lang='lat' dir='ltr'><em>Vestri</em></span> <span class='ocrx_word' id='word_1_205' title='bbox 662 2837 760 2888; x_wconf 77' lang='lat' dir='ltr'>outcm</span> <span class='ocrx_word' id='word_1_206' title='bbox 778 2825 895 2907; x_wconf 73' lang='lat' dir='ltr'>(Stoici)</span> <span class='ocrx_word' id='word_1_207' title='bbox 910 2823 1130 2911; x_wconf 64' lang='lat' dir='ltr'>progrqffioncm</span> <span class='ocrx_word' id='word_1_208' title='bbox 1145 2825 1190 2888; x_wconf 80' lang='lat' dir='ltr'>od</span> 
     </span>
     <span class='ocr_line' id='line_1_26' title="bbox 152 2921 1209 3010; baseline 0.004 -25"><span class='ocrx_word' id='word_1_209' title='bbox 152 2921 294 2985; x_wconf 78' lang='lat' dir='ltr'>virtutem</span> <span class='ocrx_word' id='word_1_210' title='bbox 304 2921 381 3008; x_wconf 76' lang='lat' dir='ltr'>ficri</span> <span class='ocrx_word' id='word_1_211' title='bbox 394 2924 491 3003; x_wconf 79' lang='lat' dir='ltr'>aiunt,</span> <span class='ocrx_word' id='word_1_212' title='bbox 508 2923 683 2986; x_wconf 77' lang='lat' dir='ltr'>levationem</span> <span class='ocrx_word' id='word_1_213' title='bbox 698 2924 838 2987; x_wconf 82' lang='lat' dir='ltr'>vitiorum</span> <span class='ocrx_word' id='word_1_214' title='bbox 846 2923 922 3010; x_wconf 79' lang='lat' dir='ltr'>fieri</span> <span class='ocrx_word' id='word_1_215' title='bbox 937 2937 1062 3010; x_wconf 72' lang='lat' dir='ltr'>uergant.</span> <span class='ocrx_word' id='word_1_216' title='bbox 1095 2925 1187 3010; x_wconf 79' lang='grc' dir='ltr'><strong><em>Λόγος</em></strong></span> <span class='ocrx_word' id='word_1_217' title='bbox 1205 2984 1209 2989; x_wconf 95' lang='grc'><strong>.</strong></span> 
     </span>
     <span class='ocr_line' id='line_1_27' title="bbox 153 3021 1187 3109; baseline 0.002 -24"><span class='ocrx_word' id='word_1_218' title='bbox 153 3022 233 3105; x_wconf 70' lang='grc' dir='ltr'><strong><em>σώζει</em></strong></span> <span class='ocrx_word' id='word_1_219' title='bbox 256 3048 296 3100; x_wconf 86' lang='grc' dir='ltr'>τι,</span> <span class='ocrx_word' id='word_1_220' title='bbox 306 3023 459 3109; x_wconf 75' lang='lat' dir='ltr'>sententia</span> <span class='ocrx_word' id='word_1_221' title='bbox 473 3023 585 3108; x_wconf 79' lang='lat' dir='ltr'>servat</span> <span class='ocrx_word' id='word_1_222' title='bbox 607 3021 736 3109; x_wconf 77' lang='lat' dir='ltr'>aliquid,</span> <span class='ocrx_word' id='word_1_223' title='bbox 761 3022 792 3085; x_wconf 90' lang='lat' dir='ltr'>id</span> <span class='ocrx_word' id='word_1_224' title='bbox 819 3024 872 3101; x_wconf 80' lang='lat' dir='ltr'>esi,</span> <span class='ocrx_word' id='word_1_225' title='bbox 896 3024 1002 3086; x_wconf 67' lang='lat' dir='ltr'>retinet</span> <span class='ocrx_word' id='word_1_226' title='bbox 1022 3048 1058 3086; x_wconf 84' lang='lat' dir='ltr'>ac</span> <span class='ocrx_word' id='word_1_227' title='bbox 1077 3037 1187 3104; x_wconf 83' lang='lat' dir='ltr'>tuetur,</span> 
     </span>
     <span class='ocr_line' id='line_1_28' title="bbox 153 3122 1186 3211; baseline 0.006 -26"><span class='ocrx_word' id='word_1_228' title='bbox 153 3147 211 3186; x_wconf 83' lang='lat' dir='ltr'>nou</span> <span class='ocrx_word' id='word_1_229' title='bbox 235 3122 311 3186; x_wconf 81' lang='lat' dir='ltr'>tollit</span> <span class='ocrx_word' id='word_1_230' title='bbox 331 3148 366 3186; x_wconf 89' lang='lat' dir='ltr'>ac</span> <span class='ocrx_word' id='word_1_231' title='bbox 392 3135 495 3211; x_wconf 78' lang='lat' dir='ltr'>negat.</span> <span class='ocrx_word' id='word_1_232' title='bbox 542 3122 695 3187; x_wconf 85' lang='lat' dir='ltr'>Similiter</span> <span class='ocrx_word' id='word_1_233' title='bbox 718 3123 868 3188; x_wconf 77' lang='lat' dir='ltr'>Aristides</span> <span class='ocrx_word' id='word_1_234' title='bbox 893 3126 982 3188; x_wconf 81' lang='lat' dir='ltr'><strong>Orat.</strong></span> <span class='ocrx_word' id='word_1_235' title='bbox 1009 3125 1132 3191; x_wconf 83' lang='lat' dir='ltr'>I’Iaton.</span> <span class='ocrx_word' id='word_1_236' title='bbox 1159 3130 1186 3191; x_wconf 96' lang='lat' dir='ltr'>I.</span> 
     </span>
     <span class='ocr_line' id='line_1_29' title="bbox 152 3223 1184 3312; baseline 0.002 -25"><span class='ocrx_word' id='word_1_237' title='bbox 152 3246 186 3309; x_wconf 85' lang='lat' dir='ltr'>p.</span> <span class='ocrx_word' id='word_1_238' title='bbox 203 3243 266 3308; x_wconf 84' lang='lat'>32:</span> <span class='ocrx_word' id='word_1_239' title='bbox 289 3223 331 3298; x_wconf 80' lang='grc' dir='ltr'>τίς</span> <span class='ocrx_word' id='word_1_240' title='bbox 345 3223 378 3287; x_wconf 75' lang='lat' dir='ltr'>aiv</span> <span class='ocrx_word' id='word_1_241' title='bbox 399 3224 443 3288; x_wconf 71' lang='grc' dir='ltr'>οὖν</span> <span class='ocrx_word' id='word_1_242' title='bbox 460 3224 544 3309; x_wconf 67' lang='grc' dir='ltr'><strong><em>λόγος</em></strong></span> <span class='ocrx_word' id='word_1_243' title='bbox 561 3230 672 3306; x_wconf 72' lang='grc' dir='ltr'><strong><em>μᾶλλον</em></strong></span> <span class='ocrx_word' id='word_1_244' title='bbox 691 3226 788 3289; x_wconf 76' lang='grc' dir='ltr'><strong><em>σώσειε</em></strong></span> <span class='ocrx_word' id='word_1_245' title='bbox 800 3229 832 3289; x_wconf 82' lang='grc' dir='ltr'>τὸ</span> <span class='ocrx_word' id='word_1_246' title='bbox 846 3225 1016 3311; x_wconf 75' lang='grc' dir='ltr'><strong><em>γιγνόμενον·</em></strong></span> <span class='ocrx_word' id='word_1_247' title='bbox 1041 3248 1109 3312; x_wconf 77' lang='lat' dir='ltr'>quoe</span> <span class='ocrx_word' id='word_1_248' title='bbox 1123 3227 1184 3312; x_wconf 80' lang='lat' dir='ltr'>igi-</span> 
     </span>
     <span class='ocr_line' id='line_1_30' title="bbox 153 3324 1184 3411; baseline 0.005 -25"><span class='ocrx_word' id='word_1_249' title='bbox 153 3336 202 3386; x_wconf 84' lang='lat' dir='ltr'>tur</span> <span class='ocrx_word' id='word_1_250' title='bbox 216 3325 294 3387; x_wconf 81' lang='lat' dir='ltr'>ratio</span> <span class='ocrx_word' id='word_1_251' title='bbox 309 3348 369 3386; x_wconf 80' lang='lat' dir='ltr'>rem</span> <span class='ocrx_word' id='word_1_252' title='bbox 390 3324 481 3410; x_wconf 67' lang='lat' dir='ltr'>ipsicm</span> <span class='ocrx_word' id='word_1_253' title='bbox 499 3325 597 3411; x_wconf 81' lang='lat' dir='ltr'>magis</span> <span class='ocrx_word' id='word_1_254' title='bbox 607 3326 741 3411; x_wconf 69' lang='lat' dir='ltr'>simet?</span> <span class='ocrx_word' id='word_1_255' title='bbox 763 3326 874 3390; x_wconf 85' lang='lat' dir='ltr'>Unum</span> <span class='ocrx_word' id='word_1_256' title='bbox 896 3346 935 3389; x_wconf 83' lang='lat' dir='ltr'>ex</span> <span class='ocrx_word' id='word_1_257' title='bbox 957 3326 1107 3390; x_wconf 84' lang='lat' dir='ltr'>omnibus</span> <span class='ocrx_word' id='word_1_258' title='bbox 1129 3348 1184 3391; x_wconf 85' lang='lat' dir='ltr'>vo·</span> 
     </span>
     <span class='ocr_line' id='line_1_31' title="bbox 152 3424 1184 3512; baseline 0 -24"><span class='ocrx_word' id='word_1_259' title='bbox 152 3424 274 3489; x_wconf 85' lang='lat' dir='ltr'>cabulis</span> <span class='ocrx_word' id='word_1_260' title='bbox 294 3424 377 3508; x_wconf 69' lang='grc' dir='ltr'><strong><em>λόγος</em></strong></span> <span class='ocrx_word' id='word_1_261' title='bbox 393 3424 535 3487; x_wconf 83' lang='lat' dir='ltr'>latiffime</span> <span class='ocrx_word' id='word_1_262' title='bbox 552 3436 654 3509; x_wconf 87' lang='lat' dir='ltr'>patet,</span> <span class='ocrx_word' id='word_1_263' title='bbox 675 3424 887 3512; x_wconf 78' lang='lat' dir='ltr'>plurimosque</span> <span class='ocrx_word' id='word_1_264' title='bbox 909 3425 1007 3489; x_wconf 84' lang='lat' dir='ltr'>habet</span> <span class='ocrx_word' id='word_1_265' title='bbox 1027 3425 1184 3511; x_wconf 78' lang='lat' dir='ltr'>significa-</span> 
     </span>
     <span class='ocr_line' id='line_1_32' title="bbox 152 3523 1184 3613; baseline 0.001 -25"><span class='ocrx_word' id='word_1_266' title='bbox 152 3524 268 3601; x_wconf 79' lang='lat' dir='ltr'>tiones,</span> <span class='ocrx_word' id='word_1_267' title='bbox 284 3546 417 3611; x_wconf 84' lang='lat' dir='ltr'>quarum</span> <span class='ocrx_word' id='word_1_268' title='bbox 429 3523 578 3612; x_wconf 86' lang='lat' dir='ltr'>quaedam</span> <span class='ocrx_word' id='word_1_269' title='bbox 594 3526 656 3589; x_wconf 88' lang='lat' dir='ltr'>hoc</span> <span class='ocrx_word' id='word_1_270' title='bbox 672 3526 703 3589; x_wconf 93' lang='lat' dir='ltr'>in</span> <span class='ocrx_word' id='word_1_271' title='bbox 719 3525 791 3590; x_wconf 88' lang='lat' dir='ltr'>loco</span> <span class='ocrx_word' id='word_1_272' title='bbox 805 3538 991 3590; x_wconf 85' lang='lat' dir='ltr'>cernuntur.</span> <span class='ocrx_word' id='word_1_273' title='bbox 1015 3526 1100 3589; x_wconf 72' lang='lat' dir='ltr'>Secta</span> <span class='ocrx_word' id='word_1_274' title='bbox 1112 3527 1184 3613; x_wconf 73' lang='lat' dir='ltr'>phi·</span> 
     </span>
     <span class='ocr_line' id='line_1_33' title="bbox 153 3625 1183 3713; baseline 0.005 -26"><span class='ocrx_word' id='word_1_275' title='bbox 153 3625 299 3712; x_wconf 82' lang='lat' dir='ltr'>Iosophiae‚</span> <span class='ocrx_word' id='word_1_276' title='bbox 312 3626 356 3689; x_wconf 82' lang='lat' dir='ltr'>est</span> <span class='ocrx_word' id='word_1_277' title='bbox 371 3627 457 3713; x_wconf 87' lang='lat' dir='ltr'>Opp.</span> <span class='ocrx_word' id='word_1_278' title='bbox 472 3627 561 3691; x_wconf 88' lang='lat' dir='ltr'><strong>Mor.</strong></span> <span class='ocrx_word' id='word_1_279' title='bbox 584 3646 616 3712; x_wconf 94' lang='lat' dir='ltr'>p.</span> <span class='ocrx_word' id='word_1_280' title='bbox 629 3628 706 3712; x_wconf 85' lang='lat'><strong>438.</strong></span> <span class='ocrx_word' id='word_1_281' title='bbox 717 3628 760 3692; x_wconf 92' lang='lat' dir='ltr'>D.</span> <span class='ocrx_word' id='word_1_282' title='bbox 793 3627 862 3691; x_wconf 89' lang='lat' dir='ltr'>Vit.</span> <span class='ocrx_word' id='word_1_283' title='bbox 876 3630 950 3711; x_wconf 83' lang='lat'><strong>763.</strong></span> <span class='ocrx_word' id='word_1_284' title='bbox 965 3629 1003 3690; x_wconf 83' lang='grc' dir='ltr'>Ε.</span> <span class='ocrx_word' id='word_1_285' title='bbox 1031 3647 1123 3691; x_wconf 90' lang='lat'>1001.</span> <span class='ocrx_word' id='word_1_286' title='bbox 1139 3630 1183 3692; x_wconf 93' lang='lat' dir='ltr'><strong>A.</strong></span> 
     </span>
     <span class='ocr_line' id='line_1_34' title="bbox 154 3724 1184 3815; baseline 0.001 -25"><span class='ocrx_word' id='word_1_287' title='bbox 154 3744 246 3790; x_wconf 84' lang='lat'><strong>1002.</strong></span> <span class='ocrx_word' id='word_1_288' title='bbox 257 3726 300 3789; x_wconf 88' lang='lat' dir='ltr'><strong>A.</strong></span> <span class='ocrx_word' id='word_1_289' title='bbox 330 3726 399 3814; x_wconf 81' lang='lat' dir='ltr'>Ipsa</span> <span class='ocrx_word' id='word_1_290' title='bbox 412 3724 606 3815; x_wconf 65' lang='grc' dir='ltr'><strong><em>ροὶίιγοροὶο,</em></strong></span> <span class='ocrx_word' id='word_1_291' title='bbox 621 3728 707 3814; x_wconf 91' lang='lat' dir='ltr'>Opp.</span> <span class='ocrx_word' id='word_1_292' title='bbox 725 3730 811 3792; x_wconf 87' lang='lat' dir='ltr'><strong>Mor.</strong></span> <span class='ocrx_word' id='word_1_293' title='bbox 827 3732 879 3812; x_wconf 90' lang='lat'>76.</span> <span class='ocrx_word' id='word_1_294' title='bbox 893 3729 933 3792; x_wconf 89' lang='lat' dir='ltr'><strong>C.</strong></span> <span class='ocrx_word' id='word_1_295' title='bbox 957 3744 1009 3811; x_wconf 89' lang='lat'>77.</span> <span class='ocrx_word' id='word_1_296' title='bbox 1023 3730 1061 3791; x_wconf 89' lang='lat' dir='ltr'><strong>E.</strong></span> <span class='ocrx_word' id='word_1_297' title='bbox 1084 3728 1136 3791; x_wconf 88' lang='lat'>82.</span> <span class='ocrx_word' id='word_1_298' title='bbox 1147 3730 1184 3792; x_wconf 84' lang='lat' dir='ltr'><strong>F.</strong></span> 
     </span>
     <span class='ocr_line' id='line_1_35' title="bbox 151 3823 1182 3912; baseline 0.002 -24"><span class='ocrx_word' id='word_1_299' title='bbox 151 3826 231 3888; x_wconf 80' lang='lat' dir='ltr'><em>Pars</em></span> <span class='ocrx_word' id='word_1_300' title='bbox 253 3823 455 3911; x_wconf 74' lang='lat' dir='ltr'>pbilojophiae,</span> <span class='ocrx_word' id='word_1_301' title='bbox 479 3838 518 3888; x_wconf 89' lang='lat' dir='ltr'>ut</span> <span class='ocrx_word' id='word_1_302' title='bbox 538 3830 552 3887; x_wconf 85' lang='grc' dir='ltr'><strong>ὁ</strong></span> <span class='ocrx_word' id='word_1_303' title='bbox 571 3829 683 3905; x_wconf 77' lang='grc' dir='ltr'><strong><em>φυσικὸς</em></strong></span> <span class='ocrx_word' id='word_1_304' title='bbox 705 3827 787 3911; x_wconf 71' lang='grc' dir='ltr'><strong><em>λόγος</em></strong></span> <span class='ocrx_word' id='word_1_305' title='bbox 809 3848 868 3912; x_wconf 83' lang='lat' dir='ltr'>pro</span> <span class='ocrx_word' id='word_1_306' title='bbox 888 3827 980 3904; x_wconf 76' lang='grc' dir='ltr'><strong><em>τόσος,</em></strong></span> <span class='ocrx_word' id='word_1_307' title='bbox 1002 3842 1037 3890; x_wconf 87' lang='lat' dir='ltr'>et</span> <span class='ocrx_word' id='word_1_308' title='bbox 1061 3825 1182 3904; x_wconf 76' lang='lat' dir='ltr'>similia,</span> 
     </span>
     <span class='ocr_line' id='line_1_36' title="bbox 151 3925 1208 4013; baseline 0 -25"><span class='ocrx_word' id='word_1_309' title='bbox 151 3930 236 4012; x_wconf 91' lang='lat' dir='ltr'>Opp.</span> <span class='ocrx_word' id='word_1_310' title='bbox 253 3928 340 3990; x_wconf 89' lang='lat' dir='ltr'><strong>Mor.</strong></span> <span class='ocrx_word' id='word_1_311' title='bbox 360 3927 428 4010; x_wconf 83' lang='lat'><strong>138.</strong></span> <span class='ocrx_word' id='word_1_312' title='bbox 445 3928 483 3990; x_wconf 90' lang='lat' dir='ltr'><strong>B.</strong></span> <span class='ocrx_word' id='word_1_313' title='bbox 507 3926 582 4011; x_wconf 75' lang='lat'><strong>874.</strong></span> <span class='ocrx_word' id='word_1_314' title='bbox 597 3929 640 3991; x_wconf 91' lang='lat' dir='ltr'>D.</span> <span class='ocrx_word' id='word_1_315' title='bbox 665 3928 739 3992; x_wconf 88' lang='lat'><strong>882.</strong></span> <span class='ocrx_word' id='word_1_316' title='bbox 753 3928 791 3990; x_wconf 91' lang='lat' dir='ltr'><strong>B.</strong></span> <span class='ocrx_word' id='word_1_317' title='bbox 815 3929 889 4013; x_wconf 89' lang='lat'><strong>892.</strong></span> <span class='ocrx_word' id='word_1_318' title='bbox 901 3929 945 3992; x_wconf 90' lang='lat' dir='ltr'><strong>D.</strong></span> <span class='ocrx_word' id='word_1_319' title='bbox 971 3927 1039 3990; x_wconf 89' lang='lat' dir='ltr'>Vit.</span> <span class='ocrx_word' id='word_1_320' title='bbox 1056 3943 1128 4009; x_wconf 86' lang='lat'><strong>154.</strong></span> <span class='ocrx_word' id='word_1_321' title='bbox 1142 3925 1208 4009; x_wconf 55' lang='lat' dir='ltr'>C.Q</span> 
     </span>
     <span class='ocr_line' id='line_1_37' title="bbox 150 4025 1182 4116; baseline -0.002 -25"><span class='ocrx_word' id='word_1_322' title='bbox 150 4028 224 4092; x_wconf 71' lang='lat'><strong>688.</strong></span> <span class='ocrx_word' id='word_1_323' title='bbox 247 4028 289 4091; x_wconf 94' lang='lat' dir='ltr'><strong>A.</strong></span> <span class='ocrx_word' id='word_1_324' title='bbox 327 4025 475 4091; x_wconf 78' lang='lat' dir='ltr'>Dot‘Irina</span> <span class='ocrx_word' id='word_1_325' title='bbox 496 4040 523 4090; x_wconf 83' lang='lat' dir='ltr'>et</span> <span class='ocrx_word' id='word_1_326' title='bbox 546 4026 659 4091; x_wconf 81' lang='lat' dir='ltr'>auditio</span> <span class='ocrx_word' id='word_1_327' title='bbox 682 4027 886 4116; x_wconf 73' lang='lat' dir='ltr'>philojophiae,</span> <span class='ocrx_word' id='word_1_328' title='bbox 909 4026 996 4112; x_wconf 88' lang='lat' dir='ltr'>Opp.</span> <span class='ocrx_word' id='word_1_329' title='bbox 1017 4028 1104 4090; x_wconf 89' lang='lat' dir='ltr'><strong>Mor.</strong></span> <span class='ocrx_word' id='word_1_330' title='bbox 1128 4028 1182 4110; x_wconf 83' lang='lat'><strong>38.</strong></span> 
     </span>
     <span class='ocr_line' id='line_1_38' title="bbox 152 4128 1183 4218; baseline -0.001 -25"><span class='ocrx_word' id='word_1_331' title='bbox 152 4130 192 4207; x_wconf 89' lang='lat' dir='ltr'>C,</span> <span class='ocrx_word' id='word_1_332' title='bbox 208 4130 252 4193; x_wconf 90' lang='lat' dir='ltr'><strong>D.</strong></span> <span class='ocrx_word' id='word_1_333' title='bbox 263 4196 267 4201; x_wconf 77' lang='grc'><strong><em>,</em></strong></span> <span class='ocrx_word' id='word_1_334' title='bbox 280 4148 333 4214; x_wconf 84' lang='lat'><strong>39.</strong></span> <span class='ocrx_word' id='word_1_335' title='bbox 348 4128 391 4192; x_wconf 89' lang='lat' dir='ltr'><strong>A.</strong></span> <span class='ocrx_word' id='word_1_336' title='bbox 418 4148 472 4208; x_wconf 80' lang='lat'><strong>42.</strong></span> <span class='ocrx_word' id='word_1_337' title='bbox 488 4128 527 4193; x_wconf 90' lang='lat' dir='ltr'><strong>B.</strong></span> <span class='ocrx_word' id='word_1_338' title='bbox 556 4149 609 4209; x_wconf 85' lang='lat'><strong>44.</strong></span> <span class='ocrx_word' id='word_1_339' title='bbox 624 4131 669 4193; x_wconf 92' lang='lat' dir='ltr'><strong>D.</strong></span> <span class='ocrx_word' id='word_1_340' title='bbox 693 4130 745 4192; x_wconf 90' lang='lat'><strong>80.</strong></span> <span class='ocrx_word' id='word_1_341' title='bbox 760 4131 803 4194; x_wconf 91' lang='lat' dir='ltr'><strong>A.</strong></span> <span class='ocrx_word' id='word_1_342' title='bbox 828 4128 976 4193; x_wconf 75' lang='lat' dir='ltr'>Placitum</span> <span class='ocrx_word' id='word_1_343' title='bbox 992 4128 1183 4218; x_wconf 77' lang='lat' dir='ltr'>philosophia</span> 
     </span>
     <span class='ocr_line' id='line_1_39' title="bbox 148 4230 1181 4321; baseline 0.001 -26"><span class='ocrx_word' id='word_1_344' title='bbox 148 4231 181 4296; x_wconf 85' lang='lat' dir='ltr'>in</span> <span class='ocrx_word' id='word_1_345' title='bbox 197 4230 336 4296; x_wconf 73' lang='lat' dir='ltr'>didIIone</span> <span class='ocrx_word' id='word_1_346' title='bbox 355 4232 436 4317; x_wconf 74' lang='grc' dir='ltr'><strong><em>λόγος</em></strong></span> <span class='ocrx_word' id='word_1_347' title='bbox 451 4230 498 4311; x_wconf 64' lang='grc' dir='ltr'>καὶ</span> <span class='ocrx_word' id='word_1_348' title='bbox 512 4231 617 4318; x_wconf 64' lang='grc' dir='ltr'><strong><em>δόγμα,</em></strong></span> <span class='ocrx_word' id='word_1_349' title='bbox 639 4234 725 4321; x_wconf 87' lang='lat' dir='ltr'>Opp.</span> <span class='ocrx_word' id='word_1_350' title='bbox 743 4235 831 4300; x_wconf 84' lang='lat' dir='ltr'><strong>Mor.</strong></span> <span class='ocrx_word' id='word_1_351' title='bbox 853 4234 946 4298; x_wconf 87' lang='lat'><strong>1118.</strong></span> <span class='ocrx_word' id='word_1_352' title='bbox 960 4233 1004 4298; x_wconf 88' lang='lat' dir='ltr'><strong>A.</strong></span> <span class='ocrx_word' id='word_1_353' title='bbox 1029 4252 1122 4320; x_wconf 90' lang='lat'><strong>1119.</strong></span> <span class='ocrx_word' id='word_1_354' title='bbox 1140 4230 1181 4297; x_wconf 91' lang='lat' dir='ltr'><strong>C.</strong></span> 
     </span>
    </p>
   </div>
   <div class='ocr_carea' id='block_1_3' title="bbox 0 0 1350 4770">
    <p class='ocr_par' dir='ltr' id='par_1_5' title="bbox 0 0 1350 4770">
     <span class='ocr_line' id='line_1_40' title="bbox 0 0 1350 4770; baseline 0 3"><span class='ocrx_word' id='word_1_355' title='bbox 0 0 1350 4770; x_wconf 95' lang='lat' dir='ltr'> </span> 
     </span>
    </p>
   </div>
  </div>
 </body>
</html>
