2692 4770
217 274 278 361 ηοι
409 276 449 336 o.
461 277 512 336 w.
532 278 742 338 nn1unnv.
763 279 810 338 nu
830 276 1062 341 rnurnncnr
1161 312 1165 317 ·

221 438 409 526 Sapientum
425 440 563 529 Delphis
580 442 739 522 habitum,
754 455 792 507 ut
807 441 960 530 scripturn
977 437 1072 505 suerit
1084 440 1163 526 ταρὰ
1177 433 1259 523 Λύύηι,

220 546 262 626 τῷ
275 547 389 627 Δελφῷ,
405 564 597 629 quamquam
614 566 674 608 nec
689 544 783 608 Libas
800 543 927 608 aliunde
942 540 1093 629 cognitus
1107 538 1161 604 ell.
1193 534 1259 605 Sed

222 640 316 717 l'acile
340 643 383 707 est
411 643 529 709 multas
552 646 718 710 verborum
747 643 959 710 corrediones
985 637 1196 718 comminisci,
1223 650 1259 703 at

222 741 307 829 idem
333 743 469 832 longum
490 762 525 811 et
550 746 655 811 inane.
692 746 872 811 Athenaeus
892 743 1035 830 quidem,
1058 740 1107 806 rel
1128 763 1168 805 ex
1189 739 1258 827 ipso

223 843 395 922 Plutarcho
415 845 464 910 vel
482 861 569 912 certe
590 871 629 912 ex
651 847 816 912 communi
839 845 941 923 sonte,
956 843 1019 908 hoc
1035 842 1080 907 ita
1095 842 1192 907 refert
1212 842 1257 906 X.

220 966 257 1035 p.
271 965 347 1029 437.
363 946 388 1010 F
398 971 406 1009 ε
430 948 605 1036 Ἀνάχαρσις
626 950 653 1012 δὲ
679 954 692 1011 ὁ
716 947 828 1024 Σκύθης
845 951 930 1035 παρὰ
952 945 1112 1033 Περιάνδρῳ
1132 941 1257 1017 τεθέντος

222 1045 301 1117 ἄθλιε
315 1047 382 1134 περὶ
402 1056 450 1113 τοῦ
469 1050 570 1129 πίνειν,
591 1048 675 1136 ᾔτησε
692 1051 725 1113 τδ
746 1049 892 1136 νικητήριον
913 1055 1025 1133 πρῶτος
1045 1042 1183 1128 μεδοθεδς
1202 1052 1258 1122 τῶν,

220 1148 428 1235 ρυμταρύντων,
442 1152 478 1226 ιύς
493 1150 564 1226 ὄντος
582 1150 666 1224 τέλος
679 1149 763 1214 τύτοο
778 1151 799 1236 'l
814 1156 860 1227 της
876 1154 901 1212 ἐν
914 1155 954 1234 τῷ
967 1147 1050 1234 τούτῳ
1066 1146 1151 1225 νίκης,
1166 1141 1257 1231 ὥσπερ

222 1247 269 1331 καὶ
281 1256 328 1327 τῆς
348 1255 428 1336 ἐντῷ
441 1252 560 1338 τρέχειν.
599 1250 695 1317 Unde
721 1251 819 1316 habet
841 1250 990 1317 AElianus
1009 1250 1086 1314 Var.
1108 1247 1190 1311 Hist.
1209 1246 1258 1345 ¹¹:

221 1370 283 1433 41:
314 1350 372 1431 Kal
392 1354 569 1439 Ἀνάχαρσις
588 1355 618 1417 δὲ
636 1353 791 1435 πάμπολυ,
812 1353 907 1433 φασὶν,
922 1351 977 1414 ἔτιε
990 1354 1067 1435 ταροὶ
1082 1349 1256 1437 Περιάνδρῳ·

220 1438 368 1535 τοῦτομὲν
386 1453 433 1533 καὶ
452 1453 556 1521 οἴκοθεν
573 1461 661 1540 ἑαυτῷ
682 1454 847 1540 ἐπαγόμενος
866 1456 898 1516 τδ
922 1453 1034 1534 ἑρύδιον·
1057 1450 1176 1519 Σκυθῶν
1197 1454 1257 1535 γὰρ

219 1542 295 1632 ἴδιον,
309 1557 341 1617 τὸ
356 1540 445 1620 πίνειν
463 1555 596 1646 ἄκρατοι.
632 1555 827 1644 Scytharum
845 1576 915 1618 suos
931 1577 950 1618 a
964 1552 1074 1618 multis
1088 1550 1254 1637 proditusa

220 1642 355 1738 Platone
369 1657 450 1743 Leg.
464 1658 490 1720 Ι.
507 1679 540 1743 p.
549 1677 624 1744 570.
639 1656 684 1720 D.
719 1656 926 1721 Anacreonte
941 1653 1005 1720 Od.
1021 1654 1127 1718 LVll.
1143 1674 1176 1740 9.
1198 1649 1256 1717 ubi

220 1755 323 1820 multa
337 1757 477 1822 contulit
492 1758 715 1822 eruditissimus
731 1756 906 1822 Fischerus.

263 1877 297 1942 p.
315 1861 386 1942 156.
399 1865 441 1922 A.
464 1861 556 1934 Λύκος
570 1858 788 1933 ἰδαδν-Ἡλύκος
803 1856 836 1922 alr
851 1856 938 1940 ἦν-]
961 1858 1043 1921 Haec
1058 1856 1168 1922 iisdem
1183 1879 1254 1922 ver·

219 1957 269 2043 bis
283 1959 436 2046 leguntur
452 1962 483 2026 in
501 1961 675 2028 Sententiis
690 1962 814 2026 Antou.
829 1975 863 2026 et
876 1961 966 2023 Mas.
982 1979 1015 2044 p.
1030 1979 1106 2045 300.
1122 1959 1177 2024 ubi
1196 1980 1257 2046 pro

219 2065 282 2145 ὑμῖν
296 2063 339 2125 est
354 2062 445 2127 εἴπειε
469 2078 503 2128 at
517 2067 578 2146 ὑμῖν
594 2075 720 2129 retento
734 2062 860 2149 supplet
874 2060 967 2127 Harl.
986 2082 1015 2127 1.
1030 2060 1088 2140 ἔφη.
1121 2062 1254 2147 Βρεὲὶιι-

219 2160 265 2225 vit
280 2162 421 2227 fabulam
438 2163 526 2229 Plato
543 2162 676 2229 Plsaedro
690 2186 720 2250 p.
732 2184 751 2249 3
753 2185 773 2248 5
775 2182 808 2249 5.
818 2165 861 2229 D.
878 2162 990 2251 judice
1004 2162 1135 2249 quidem
1149 2163 1255 2228 Scho-

219 2261 305 2326 lialla
327 2284 359 2349 p.
374 2266 436 2328 68:
461 2263 502 2328 ad
517 2266 655 2330 verberi
669 2273 716 2329 τοῦ
730 2265 804 2328 λύκοι
821 2265 890 2329 haec
911 2279 1084 2330 annotans:
1107 2263 1182 2327 Ἰδὼν
1195 2268 1256 2355 γὰρ

218 2365 302 2451 λύκος
322 2365 444 2448 οτοιρένα
459 2367 577 2432 &diem
590 2365 748 2454 οιρούύτια,
763 2366 845 2447 εἶπεν,
860 2365 978 2441 Ἡλύκος
993 2364 1026 2428 ἂν
1044 2366 1112 2452 ἤρθη
1128 2365 1254 2456 δύριιύος,

218 2472 241 2530 sl
256 2467 313 2552 ἓγοδ
325 2476 416 2532 ταῦτα
432 2470 542 2549 incisu
564 2470 698 2553 Ἐμνύηθη
713 2470 813 2548 ταύτης
838 2474 958 2533 ἐνταῦθα
977 2468 1113 2533 Πλάτων.
1152 2470 1254 2535 Aliud

218 2559 316 2634 habet
331 2570 473 2636 scholion
490 2572 605 2636 Suidas
619 2573 657 2636 T.
675 2572 720 2636 Il.
743 2594 774 2657 p.
792 2572 865 2636 288.
886 2573 944 2633 Kal
959 2573 990 2634 τὸ
1004 2578 1052 2633 τοῦ
1065 2571 1158 2634 Λύκε·
1182 2573 1253 2655 φατὶ

218 2672 300 2735 λύκον
317 2672 397 2735 tls-ala
415 2676 460 2737 τδν
482 2674 596 2757 ποιμένα
617 2682 670 2737 τῶν
690 2682 848 2756 τοιμενικῶν
866 2670 1009 2761 τρούύτοιν
1024 2673 1141 2736 ἰθύοντα
1161 2679 1253 2755 εἰπεῖν,

217 2772 298 2858 Ἐγῶ
318 2782 399 2836 τοῦτο
421 2780 443 2837 εἰ
466 2775 568 2854 ἐποίεον,
592 2776 668 2852 οιύση
690 2779 798 2863 κραυγὴ
814 2774 940 2859 ἐγίγνετο
955 2771 1000 2837 ἄν.
1038 2774 1254 2841 Ruhnkenius

219 2877 321 2940 noller
342 2876 374 2939 in
395 2875 587 2943 Adversariis
609 2876 736 2941 ineditis
750 2877 790 2941 ad
807 2875 916 2941 Schol.
933 2876 1073 2941 Platonis
1089 2880 1255 2944 annotavit

218 2975 305 3045 hunc
332 2977 437 3041 Suidae
460 2978 580 3058 locum,
601 2994 634 3044 et
650 2979 770 3042 Juliani
790 2977 843 3041 Or.
861 2978 906 3040 ll.
927 2993 960 3064 p.
976 2978 1028 3058 87.
1043 2978 1086 3041 A.
1111 2978 1256 3043 Hermins

214 3095 248 3167 ρ.
262 3101 337 3164 445.
376 3082 452 3144 Non
477 3081 608 3146 memini
631 3103 682 3146 me
704 3081 787 3145 hanc
810 3078 962 3145 Fabulam
983 3081 1015 3145 in
1031 3079 1178 3167 AEsopeis
1196 3103 1255 3145 ex·

218 3183 333 3269 emplis
347 3182 467 3270 legisse.

263 3288 334 3371 156.
351 3287 389 3350 B.
411 3287 535 3371 ποιῆσαι]
563 3287 768 3352 Consuetudo
783 3287 936 3353 desiderat
949 3287 1093 3365 ποιήσαιτ’
1108 3285 1186 3350 ἄν-
1200 3313 1254 3351 ex-

216 3386 331 3474 illimes.

263 3493 334 3574 156.
351 3492 389 3554 Β.
415 3490 558 3579 ἀνέγερσιν
579 3492 720 3576 ἀγνύθων]
755 3491 867 3555 Pollux
888 3492 966 3554 Vll.
989 3491 1052 3575 36:
1082 3488 1203 3575 οἵγνιιδες
1227 3493 1255 3555 di

217 3591 265 3654 nal
287 3596 362 3670 λεῖα,
385 3598 408 3655 ol
427 3591 500 3656 λύθοι
522 3599 545 3655 ol
564 3590 732 3678 ἐξηρτημένοι
751 3598 805 3656 τῶν
827 3591 958 3675 ςημύννιν,
975 3597 1050 3654 κατὰ
1064 3597 1111 3671 τὴν
1126 3594 1256 3680 ἀρχαίαν

217 3696 373 3774 ὑραντικήν.
410 3695 453 3758 X.
472 3712 542 3780 125.
565 3695 597 3758 in
613 3694 749 3758 textoria
765 3694 912 3759 muliebri
930 3707 1078 3758 numerat
1089 3697 1181 3758 —xal
1197 3724 1256 3758 κα-

216 3793 368 3860 νύνα-κκδ
391 3797 467 3871 λείοις
492 3803 543 3872 τᾶς
565 3796 611 3877 κα)
633 3797 767 3882 ἀγνύθας·
795 3797 888 3883 plura
911 3797 1060 3860 Kustetus
1082 3796 1122 3860 ad
1145 3798 1256 3887 Hesy-

216 3897 327 3964 chinm
344 3900 382 3963 T.
400 3899 427 3962 I.
443 3920 476 3984 p.
489 3900 544 3984 58.

261 4002 332 4085 156.
350 4001 389 4064 C.
423 4001 561 4064 παιδεύειν
582 4005 620 4063 τοὶ
646 4001 710 4079 ἤδη,
735 3992 782 4080 κού
798 4004 960 4087 παρηγορεῖν
979 4003 1018 4071 ταὶ
1040 3998 1139 4085 πύθη]
1178 4003 1256 4068 Hoc

215 4103 347 4167 Musicae
369 4100 509 4167 officium
526 4124 563 4166 ex
582 4101 712 4167 Platone
727 4102 824 4166 refert
847 4101 1035 4166 Plutarchus
1056 4103 1108 4168 De
1130 4106 1255 4189 Super·

212 4188 338 4272 llitione
364 4227 399 4292 p.
423 4207 494 4289 167.
519 4207 564 4268 B:
595 4204 744 4293 frequens
773 4203 843 4292 ejus
874 4204 995 4269 mentio
1026 4203 1113 4293 apud
1145 4204 1252 4289 illum,
