2692 4770
156 310 217 376 720
303 309 306 313 ·
347 302 745 365 nummarium
765 285 998 364 mutauerat
1065 314 1070 327 ’

36 504 41 512 ·
155 465 241 545 Ιοοο,
263 465 295 531 in
314 466 481 555 Excerptis
501 469 598 554 Trag.
622 486 662 532 ex
684 465 819 531 Incertis
840 462 985 551 AEschyli
1008 444 1189 549 Tragoediia

155 567 266 632 retulit
288 569 423 634 Grotius
446 591 479 655 p.
495 587 549 655 55.
574 582 609 633 et
636 565 797 634 Stanleiua
820 566 853 631 in
877 564 1067 652 Fragmal'.
1084 564 1130 628 II.
1153 583 1189 648 pr

154 667 229 747 648.
246 666 327 733 886:
359 666 485 754 quidet
503 669 609 754 ὄχθου-ι
624 667 729 754 priore
741 667 815 731 loco
828 687 904 730 cum
919 661 1100 742 Gratim-ex
1117 661 1188 727 edi⁴

154 767 297 833 tionibus
313 769 530 857 Stephaniaua
542 767 776 856 antiquioribus
790 766 868 833 Ald.
883 766 950 831 Bas.
962 764 1042 861 Xyi.
1053 762 1188 851 quibus·

154 891 231 937 cum
253 871 456 937 consentiunt
477 872 515 936 B.
537 870 577 939 C.
596 873 641 936 D.
660 871 700 935 E.
723 869 810 959 Vols.
832 867 934 934 voluit
955 867 1033 932 item
1056 865 1188 933 Perizod

154 968 281 1052 manua,
303 972 359 1059 qui
380 970 436 1036 dat
457 971 553 1059 ἔχων·
577 971 743 1060 vulgatum
766 969 896 1058 ἴχθοντον
918 967 1083 1035 annotarit
1104 970 1186 1036 Iau-

155 1072 276 1153 notiua,
292 1073 378 1140 unde
394 1074 492 1140 habet
506 1074 699 1161 Stephanus.
737 1073 776 1139 In
794 1071 868 1157 ἴαμα
883 1092 1013 1159 quoque
1031 1071 1190 1152 variatur}

154 1173 275 1260 quippe
289 1175 328 1239 Β.
344 1175 384 1240 C.
395 1177 438 1240 D.
453 1177 493 1241 Z.
510 1175 578 1241 Pol.
589 1178 720 1242 Jaunot.
735 1175 826 1240 Mea.
840 1172 919 1238 dant
930 1173 1017 1259 ρόμα.
1044 1171 1100 1237 Ad
1115 1173 1187 1237 sen⁴

154 1277 289 1341 tentiam
309 1276 458 1342 convenit
479 1277 609 1343 Senecae
626 1275 804 1342 admonitio
826 1275 943 1364 Quali.
958 1276 1039 1340 Nat.
1049 1274 1110 1339 VI.
1131 1274 1189 1339 fin.

152 1376 244 1442 Mora
265 1390 386 1442 nutum
407 1379 456 1443 lex
476 1377 531 1466 est:
552 1403 628 1444 mors
643 1378 785 1443 tributum
803 1376 987 1464 afficiamque
1006 1375 1188 1456 mortalium

151 1477 353 1566 malorumque
366 1481 493 1545 οννννὶοοο
507 1481 664 1545 remedium
678 1477 728 1566 ast.
761 1477 882 1545 Similia
892 1478 1101 1567 Tragicorum
1114 1500 1186 1545 mc·

153 1593 258 1643 morat
273 1579 505 1645 Valckenarius
517 1579 557 1647 ad
571 1579 706 1667 Hippol.
725 1597 819 1665 1372.
927 1640 931 1649 .

198 1680 270 1744 106.
283 1681 328 1744 D.
344 1678 389 1744 Ὠ
399 1680 497 1745 aaran
509 1683 649 1768 ποιὰμ]
671 1682 759 1768 Ergo
772 1680 843 1746 haec
858 1702 923 1749 non
939 1680 1014 1745 sunt
1027 1673 1186 1774 AEschyli‚

153 1780 285 1847 auctore
311 1780 502 1847 Plutarcho:
526 1782 611 1848 illius
633 1798 740 1847 tamen
762 1780 812 1847 his
834 1780 991 1847 srmillima·
1011 1780 1092 1846 citat
1109 1781 1185 1847 Sto-

154 1885 244 1948 baeua
256 1884 406 1972 Florilcg.
423 1885 547 1951 CXIX.
565 1907 598 1972 p.
613 1886 695 1952 602:
712 1880 758 1948 Ὠ
772 1883 880 1959 ,θάνατι
897 1887 982 1947 ποινὰν
998 1881 1109 1971 (vulgo
1122 1882 1185 1947 rol-

152 1988 199 2068 οιν)
219 1989 258 2068 μή
277 1989 307 2068 μ’
321 1986 456 2074 ἆτνμῆοῃς
473 1991 580 2070 ponit,
598 1987 688 2062 Μόνος
704 1985 728 2051 el
745 1987 781 2050 σὺ
801 1993 855 2050 τῶν
874 1982 1011 2063 ἆνηκόςον
1030 1994 1124 2050 κακῶν
1138 1989 1184 2049 la·

151 2084 224 2173 τςός·
243 2084 355 2172 Ἀλγος
377 2091 398 2151 δ’
420 2090 493 2153 addit
512 2086 621 2168 dialem
640 2093 753 2174 νοκροῡο
776 2109 849 2174 quae
869 2085 1002 2174 corrigit
1018 2085 1082 2153 Th·
1097 2086 1183 2153 Can·

152 2199 241 2252 terna
255 2188 334 2253 Var.
350 2189 441 2254 Lect.
458 2190 486 2253 1.
504 2209 565 2271 14:
588 2200 623 2254 et
640 2190 685 2256 D.
700 2187 850 2254 Heinfiua
868 2186 908 2254 ad
922 2186 1105 2254 Maximum
1117 2191 1184 2277 Ty·

152 2287 237 2354 rium
251 2304 375 2377 partem
390 2291 507 2356 horum
521 2291 665 2356 versuum
679 2289 832 2355 citantem
845 2289 925 2356 Diff.
942 2291 1039 2356 XIII.
1050 2295 1083 2358 6.
1093 2288 1184 2380 judi·

152 2405 217 2473 cat,
241 2393 447 2460 Plutarchum
470 2392 625 2459 memoria
644 2391 779 2480 lapsum,
802 2393 856 2457 sua
879 2391 955 2458 hinc
979 2392 1130 2485 eflioxiffe
1149 2416 1184 2482 p.

153 2512 228 2579 243.
247 2508 281 2559 et
300 2493 411 2561 locum
429 2493 475 2560 ita
494 2493 701 2560 constitutum
719 2492 827 2559 fuilse:
846 2489 891 2557 Ὦ
910 2493 1015 2557 θάνατε
1035 2499 1130 2560 vam
1145 2498 1185 2578 pi,

151 2599 182 2677 μ’
198 2596 338 2684 ἀτιμάσῃς
350 2599 457 2680 μολεῖν,
470 2596 561 2671 Μόνος
573 2600 631 2684 γὰρ
652 2595 676 2661 tl
688 2597 724 2660 οὺ
738 2603 793 2659 τῶν
810 2595 945 2674 ἀνηκόςονν
960 2603 1053 2661 κακῶν
1066 2597 1184 2681 Ἰατρός·

151 2693 241 2782 ἄλγος
254 2700 275 2762 δ’
290 2699 361 2764 οὐδὲν
374 2697 482 2779 hierar
493 2705 602 2783 νεκρῶν.
628 2699 666 2762 ln
683 2719 748 2785 quo
761 2695 854 2762 facile
868 2695 898 2760 ei
911 2695 1069 2762 assentior.
1098 2697 1183 2763 Illud

152 2813 260 2864 autem
275 2800 470 2886 proximum,
485 2805 568 2882 λιμὴν
579 2804 638 2888 γὰρ
652 2798 733 2874 ὄντος
744 2799 824 2874 ἰιΐδας
837 2800 876 2862 ἄν·
890 2796 966 2879 alar,
980 2791 1185 2867 antecedenti

152 2923 216 2965 non
240 2902 465 2967 continuatum
488 2901 578 2967 fuisse
597 2913 709 2989 putem
724 2900 756 2964 in
773 2898 1020 2979 auctore‚,unde
1040 2900 1111 2966 brec
1124 2901 1183 2969 de-

151 3003 255 3068 sumta
270 3003 354 3076 sunt,
369 3003 423 3069 sed
442 3003 491 3069 vel
511 3003 653 3083 alterius,
667 3003 716 3068 vel
730 3000 924 3089 ejusdemex
935 3002 999 3070 alio
1012 3003 1099 3086 loco,
1113 3027 1185 3071 ver·

150 3103 227 3177 sum¹
245 3103 383 3192 auctoris
405 3104 611 3171 habendumr
635 3102 778 3190 illudque
794 3107 853 3191 γὰρ
874 3101 966 3184 ὄντος,
987 3127 1184 3194 quamquam

151 3203 191 3269 ad
214 3226 385 3271 numerum
408 3206 511 3271 lambi
533 3205 695 3294 congruit,
710 3204 832 3291 abipso
847 3204 1016 3271 Plutarcho
1038 3206 1185 3276 additum

150 3308 284 3389 videtur,
299 3313 358 3396 γὰρ
375 3307 417 3375 ad
437 3309 593 3374 rationem
612 3305 819 3388 reddendam,
837 3306 917 3383 ὅπως
936 3309 978 3374 ad
995 3308 1184 3378 citationem

152 3410 398 3500 fignificandam,
418 3433 482 3497 quo
502 3411 542 3475 de
556 3412 614 3476 usu
628 3410 812 3475 monuimus
832 3409 874 3475 ad
895 3432 929 3498 p.
945 3426 998 3498 95.
1015 3413 1056 3478 C.
1094 3415 1184 3481 Can·

150 3527 238 3578 terna
252 3511 383 3599 quidem
397 3511 420 3577 l.
432 3532 462 3576 c.
477 3510 557 3587 ὅπως
570 3511 674 3577 nescio
684 3534 749 3599 qua
760 3511 949 3578 auctoritate
963 3515 1078 3579 omifit.
1101 3518 1184 3582 Sen-

151 3615 252 3680 tentia
265 3627 300 3681 et
316 3615 384 3703 ipsa
402 3615 556 3702 proverbii
576 3615 639 3680 vim
661 3616 769 3680 habet.
805 3615 933 3682 Sotadis
946 3617 990 3680 est
1003 3617 1090 3704 apud
1106 3619 1184 3684 Sto·

150 3716 256 3780 baeum
278 3714 301 3779 l.
317 3716 340 3780 I.
362 3716 452 3780 versu
472 3715 614 3801 proxime
637 3714 865 3781 antecedente:
888 3716 1008 3782 Πάντων
1029 3722 1112 3800 λιμὴν
1130 3728 1186 3783 τῶν

150 3818 272 3906 μερόπων
286 3823 299 3882 ό
313 3818 432 3892 θάνατός
445 3822 512 3890 icta.
548 3816 700 3882 Leonidae
715 3816 897 3905 Antholog.
915 3820 978 3885 Ill.
994 3823 1026 3885 6.
1049 3842 1084 3908 p.
1098 3841 1182 3908 3032

152 3922 279 3992 -κοννὸς
299 3924 368 3981 πῖνον
389 3922 472 3999 λιμὴν
484 3918 571 3994 ἀΐδιος.
607 3918 747 4004 Epicteti
760 3918 888 3984 Differt.
906 3921 964 3985 IV.
983 3940 1034 3986 10.
1050 3944 1084 4008 p.
1094 3928 1182 4009 655:

5 4102 7 4106 ἱ
148 4028 186 4088 El
207 4021 388 4107 adrowaldus
409 4022 476 4103 εἰμὶ,
498 4025 581 4103 λιμὴν
604 4022 637 4083 ri
658 4025 813 4084 ἀποθανεῖν·
845 4021 920 4096 οὗτος
942 4026 963 4085 δ’
985 4024 1041 4096 icit
1062 4028 1076 4086 ὁ
1097 4030 1182 4107 λιμὴν

148 4125 275 4204 πάντων,
297 4123 451 4198 dariam·
475 4123 532 4189 ubi
554 4122 662 4187 nmilia
685 4122 849 4188 Ciceronis
869 4136 903 4188 et
923 4123 1063 4211 Longini
1076 4124 1183 4191 adfert

149 4226 312 4313 Uptonus.
347 4223 496 4293 Addatur
521 4223 572 4290 his
593 4225 714 4291 Seneca
742 4223 839 4310 Epist.
863 4226 967 4292 LXX.
1014 4225 1179 4294 Caeterum
