2692 4770
299 327 1041 412 PRAECEFPASANIT.TUEND.p.1³5.B,c.
1126 334 1187 406 νιν

200 505 271 576 135.
285 491 325 556 B.
353 496 402 556 oria
420 494 561 580 ἂνθρῶπν,
584 498 651 566 ἀλλ’
675 495 755 585 ίςρίνι
776 499 845 573 τινίς
870 503 922 584 ζωῇ
944 496 1121 585 προσεοικὸς]
1156 496 1187 566 A

98 670 108 681 ·
154 590 288 658 Platone
308 595 411 676 fluxit,
433 596 563 663 Philebo
584 619 618 684 p.
633 600 748 682 76.Es
778 605 823 685 ζῇν
844 600 871 662 δῖ
893 602 941 662 οὐκ
964 596 1187 689 ἀνθρῶπονὶβίιν

147 694 232 759 ’σίλλίι
246 722 317 773 τινος
337 699 493 781 πλεύμονος
514 699 530 779 ἢ
550 709 604 767 τῶν
625 700 679 765 ίσα
699 701 837 765 Sandaina
857 703 917 784 μα’
939 699 1045 788 ίςρείοον
1066 696 1188 785 ίμψνχᾶ

151 799 194 869 ῧςι
210 799 359 881 σωμάτων.
398 800 531 866 Phaedro
552 824 586 889 p.
597 804 673 888 346.
688 804 740 868 D:
762 803 959 886 -ἀσῆμαντον
972 801 1057 866 sadra
1071 799 1086 865 ὃ
1100 802 1188 879 vivit)

149 906 237 981 σῶμα
255 900 443 988 ονιριρίροννις
464 903 629 987 ὀνομάζομεν
650 903 730 992 &cpia
749 903 845 991 τρίπον
865 902 1076 986 δεδεσμευμένοι·
1099 899 1189 990 quod

151 999 295 1086 sequitur
318 1003 505 1068 Plutarchus
525 1006 577 1070 De
596 1004 699 1069 Exilio
718 1026 751 1090 p.
768 1006 841 1090 607.
856 1007 901 1070 D.
941 1003 1032 1069 Philo
1046 1003 1122 1071 Jud.
1135 1003 1189 1069 De

147 1105 368 1172 Humanitate
395 1129 429 1193 p.
457 1123 531 1191 701.
555 1107 598 1199 A.
628 1107 684 1172 ubi
710 1108 895 1194 Mangeyus
917 1105 1062 1192 quaedam
1084 1118 1188 1170 notat.

153 1205 311 1294 Porphyr.
326 1209 378 1273 Dc
393 1208 554 1274 Gradibus
570 1208 649 1274 edit.
666 1207 859 1296 Cantabrig.
875 1229 908 1294 p.
924 1225 985 1292 233
1001 1231 1009 1270 ο
1032 1206 1189 1291 ‹tangi-»ri

151 1310 252 1391 γιῶδες
273 1307 364 1398 ὅςρεον
381 1309 569 1398 περικειμένῃ,
588 1310 697 1396 ἀνάγκη
717 1311 762 1373 tat
775 1315 823 1387 τῆς
835 1315 888 1395 γῆς
906 1308 1080 1394 ίνίσχιοθαρ.
1119 1306 1188 1373 Pri·

152 1430 243 1473 orem
267 1410 374 1476 locum
399 1412 537 1478 Platonis
559 1412 638 1478 citat
659 1412 839 1478 Athenaeus
860 1413 922 1475 111.
948 1433 982 1498 p.
997 1426 1050 1499 97.
1069 1411 1109 1475 C.
1132 1409 1190 1476 ubi

153 1511 364 1580 casaubonus
386 1515 474 1580 hunc
496 1516 657 1581 Plutarchi
676 1516 785 1581 locum
807 1514 961 1581 adhibet:
984 1513 1128 1579 imitatus
1145 1512 1190 1577 est

154 1615 302 1702 Synesrus
323 1619 375 1682 De
396 1619 509 1704 Regno
531 1640 564 1704 p.
582 1639 632 1701 14.
653 1620 708 1683 D:
738 1617 797 1697 βίον
820 1619 922 1700 ζῶντας
941 1615 1078 1681 baneriis
1098 1613 1189 1680 mst-

153 1742 233 1798 μονος
248 1743 256 1782 s
285 1717 342 1783 ubi
356 1718 449 1806 plura
466 1720 629 1784 Petavius:
653 1734 688 1785 ct
701 1742 760 1784 nos
773 1718 847 1784 alibi
862 1718 1018 1783 dicemus.
1180 1758 1183 1763 -

201 1839 273 1905 135.
284 1821 324 1885 B.
344 1826 380 1896 είς
390 1821 510 1886 ἐπίσκιόν
522 1849 585 1886 τινα
598 1822 658 1902 βίον
673 1824 721 1887 καί
734 1827 863 1908 χολας-ἡν
875 1824 923 1887 καί
936 1820 1097 1909 μονίνροπίν
1109 1822 1186 1907 τινα]

153 1919 189 1983 in
207 1922 304 1985 vitam
323 1922 522 2003 umbratilem,
546 1923 674 2008 otiosam,
686 1923 879 2013 solitariam:
905 1922 955 1988 bis
976 1922 1112 2010 potitum
1127 1946 1192 1987 τινα

155 2045 198 2088 ne
219 2024 290 2110 quis
314 2047 334 2089 a
355 2024 491 2090 librariis
513 2026 646 2091 omnino
669 2026 782 2091 venisse
801 2024 922 2105 credat,
943 2023 1067 2090 faciunt
1087 2024 1191 2090 multa

153 2124 252 2212 hujus
272 2127 347 2191 usus
368 2128 526 2215 exempla,
555 2128 596 2194 de
621 2151 688 2216 quo
716 2129 900 2194 monuimus
927 2128 968 2194 sd
992 2130 1062 2194 Ser.
1085 2129 1188 2194 Num.

153 2227 254 2294 Vind.
271 2252 304 2316 p.
317 2231 394 2314 564.
410 2233 455 2295 Ι).
472 2231 585 2317 prioris
598 2231 748 2298 editionis
762 2255 796 2319 p.
812 2233 884 2297 106.

201 2349 237 2415 13
240 2351 273 2414 5.
288 2333 327 2395 Β.
352 2336 382 2394 οὐ
397 2333 473 2395 κατά
487 2357 523 2416 γε
539 2337 587 2412 τὴν
607 2336 683 2415 ἐμὴν,
703 2333 762 2415 ἔφη,
776 2334 914 2421 γνώμην]
941 2333 988 2417 ἔρις
1003 2345 1094 2400 notat
1107 2331 1191 2399 alte-

155 2431 369 2512 nundinum,
383 2446 422 2505 ut
440 2433 515 2498 alibi
530 2436 607 2515 φησί,
621 2433 662 2499 de
677 2456 742 2520 quo
756 2434 894 2500 diximus
918 2456 950 2521 p.
969 2455 1041 2521 119.
1058 2438 1093 2499 F.
1129 2434 1191 2500 Vi·

155 2530 234 2596 deor
254 2533 335 2598 mihi
353 2534 474 2599 dicium
492 2534 600 2600 iisdem
613 2535 715 2600 verbis
729 2535 804 2600 alibi
817 2535 944 2623 legiffe:
968 2535 1088 2600 factum
1103 2548 1193 2600 certe

155 2633 253 2699 estex
271 2636 447 2701 Homerico
467 2635 560 2700 Iliad.
583 2638 610 2700 I.
634 2636 714 2701 108:
746 2635 819 2700 Οίτι
839 2637 904 2699 καθ’
923 2635 1049 2722 ἡμέτερόν
1070 2663 1105 2721 γε
1123 2635 1191 2700 νίον·

157 2734 244 2820 quod
267 2736 455 2802 Scholiastes
469 2740 616 2803 Venetus
639 2736 755 2818 reddit,
776 2741 806 2801 οὐ
828 2742 905 2801 κατὰ
920 2741 968 2815 τὴν
985 2740 1050 2819 ἐμὴν
1067 2736 1191 2824 γνώμην.

157 2835 345 2902 scholiastes
359 2841 474 2918 Vetutr,
489 2844 519 2904 οὐ
534 2845 610 2903 κατὰ
623 2843 671 2918 τὴν
685 2837 817 2926 ἡμετέραν
831 2838 953 2924 γνώμην.

202 2955 275 3025 135.
290 2940 330 3004 C.
347 2939 461 3014 Ἧαιςα
482 2942 508 3003 δὲ
532 2945 580 3019 τὴν
600 2939 704 3028 ἀργίαν
728 2943 841 3026 ύγιανὴν
863 2938 1030 3019 iamiar,
1053 2945 1076 3004 εί
1092 2942 1124 3004 τὸ
1143 2946 1193 3020 τῆς
1239 3010 1242 3017 ,

155 3040 262 3125 ὑγιείας
280 3040 359 3116 τέλος
381 3043 547 3126 ἀπόλλυσι]
575 3044 634 3106 Pro
648 3040 750 3128 ἀργίαν
762 3040 841 3106 dant
853 3041 957 3126 ὑγίειαν
969 3041 1057 3107 Voss.
1072 3056 1107 3107 et
1124 3044 1191 3108 Ex-

155 3141 255 3228 empl.
270 3144 413 3208 Turneb.
435 3143 523 3230 quod
543 3143 701 3208 acuminis
722 3143 859 3230 speciem
880 3143 990 3224 habet,
1006 3168 1066 3211 nec
1085 3157 1193 3212 tamen

156 3243 211 3308 hic
224 3245 391 3331 probandi.
422 3246 514 3311 Bono
529 3245 660 3311 subinde
675 3245 764 3311 sensu
777 3245 929 3310 dicuntur
941 3245 1042 3332 ἀργία,
1056 3246 1193 3333 ἀπραξία,

156 3343 370 3431 ἀπραγμοσύνη,
389 3349 477 3428 χολὴ,
499 3344 618 3430 ἡσυχία,
643 3357 679 3409 ut
700 3344 763 3409 hoc
786 3344 860 3409 loco
878 3343 997 3409 devita
1013 3345 1139 3410 literata
1159 3361 1194 3412 et

157 3446 258 3511 otiosa
276 3445 553 3533 philosophorum,
568 3445 610 3510 ad
624 3466 705 3532 quos
718 3445 789 3510 haec
804 3447 956 3510 referunt.
990 3446 1042 3510 De
1057 3443 1118 3511 hac
1133 3468 1194 3512 no-

157 3548 246 3613 tione
261 3548 374 3633 ἂργίας,
389 3548 487 3634 vulgo
506 3547 613 3612 minus
628 3547 800 3628 observata,
815 3548 999 3613 monuimus
1019 3548 1051 3612 in
1067 3549 1194 3616 Annot.

159 3650 274 3716 select.
292 3651 410 3717 Histor.
429 3652 487 3716 Gr.
502 3649 545 3714 ad
563 3649 814 3737 Xenophontem
837 3671 869 3736 p.
885 3666 947 3735 373
965 3674 973 3714 ο
996 3649 1052 3715 ubi
1068 3648 1196 3717 addidi·

158 3774 231 3841 mus
254 3751 347 3840 plura
374 3751 466 3819 alias.
504 3753 587 3818 Hac
607 3752 699 3840 plura
721 3774 807 3815 nunc
833 3751 1018 3837 prodamus.
1056 3751 1199 3819 Pertinet

159 3853 224 3923 huc
239 3855 400 3941 Euripidis
415 3854 581 3934 sententia,
596 3853 716 3918 Medea
730 3872 812 3937 294:

329 3961 391 4047 Χρὴ
407 3957 428 4018 δ’
444 3954 475 4019 οὔ
486 3959 548 4019 ποθ’
563 3953 619 4031 ὅςις
632 3954 769 4043 ἀρτίφρων
780 3953 885 4036 πέφυκ’
898 3959 975 4041 ἀνὴρ,

328 4061 440 4132 Παῖδας
453 4065 597 4145 περισσῶς
613 4057 812 4135 inhibendas
826 4055 922 4137 σοφίς.

331 4161 422 4246 Χννίς
435 4164 493 4249 γὰν
508 4158 609 4240 ἅλοις,
623 4159 653 4239 ἦν
668 4158 779 4246 &aaa
793 4155 909 4244 ἀρνίον.
