2692 4770
72 386 73 390 .
153 335 213 391 ιιι
299 333 400 406 ow.
421 296 628 397 Antianov.
648 337 944 399 maturarem
964 334 1039 396 nra.

157 492 283 579 Colleg.
300 497 384 561 Nov.
406 498 473 562 Pol.
490 499 616 571 Schott.
636 503 764 579 Jannot.
783 501 893 566 Anon.
908 501 946 564 T.
956 500 1000 564 V.
1015 497 1064 562 B:
1088 513 1192 579 porro

156 593 224 678 post
237 595 341 675 διδάξαι
355 597 477 662 addunt
490 599 614 675 θέλοντες
628 602 676 666 vel
691 601 837 683 βνλύμενοι
854 601 921 667 Pol.
934 602 1066 666 Jannot.
1083 594 1188 659 Vulc.

157 694 247 759 Mez.
264 718 323 760 nec
343 697 409 776 nist,
432 714 469 762 nt
488 699 623 782 videtur,
643 724 661 766 c
680 702 875 767 correetione
889 698 1100 788 quorumdam
1122 697 1188 760 bo·

137 794 281 860 'minum
307 798 546 864 constructionis
569 803 722 868 rationem
750 826 814 868 non
840 798 1187 878 animadvertentium

154 898 274 984 quippe
295 901 411 979 aaoicoi
431 901 461 964 τί
480 904 527 966 nai
541 905 645 983 διδάξαι
657 906 700 968 est
714 905 758 968 ad
772 904 950 968 audiendum
965 914 992 965 et
1005 899 1188 964 docendum:

155 1021 215 1068 nec
229 1022 310 1086 opus
333 1003 432 1067 estex
453 1004 715 1070 antecedentibus
735 1004 813 1069 ἕνεκα
831 998 1007 1080 subaudire,
1026 1000 1115 1088 quod
1134 1021 1187 1063 rc·

155 1101 253 1186 quirit
266 1117 305 1167 ut
318 1103 453 1181 addatur
471 1113 538 1170 roi:
562 1105 615 1170 scd
632 1106 714 1170 solus
735 1107 838 1192 perse
860 1104 1037 1171 Infinitivua
1058 1101 1188 1166 othnet

154 1201 217 1267 vim
232 1205 404 1269 Gerundii.
436 1204 489 1269 Sic
505 1207 692 1271 Plutarchus
707 1208 792 1292 Opp.
809 1209 895 1272 Mor.
914 1228 947 1292 p.
962 1205 1015 1287 48.
1031 1205 1081 1269 C:
1105 1202 1187 1276 εἴτις

154 1302 224 1377 ἥκων
241 1302 328 1386 λύγου
345 1302 514 1384 perminii
534 1307 598 1391 πρὸς
614 1303 713 1369 ἄλλού·
730 1306 766 1388 ſs
782 1307 847 1393 quis
864 1305 948 1369 venit
962 1306 1004 1367 ad
1017 1303 1189 1388 discendum

154 1403 193 1466 ab
206 1403 284 1466 alio:
307 1404 352 1479 ita
366 1404 592 1490 intelligendus
606 1428 639 1492 p.
652 1407 707 1488 87.
722 1408 765 1471 D.
788 1406 982 1488 εὐλαὸούμινον
997 1409 1051 1489 ζῇν·
1075 1403 1119 1466 ad
1132 1402 1186 1467 vi·

153 1505 281 1568 vandum
300 1529 364 1567 cum
378 1507 521 1570 cautione.
559 1506 649 1572 Plato
669 1510 749 1594 Leg.
766 1509 828 1572 III.
851 1530 883 1594 p.
897 1509 973 1592 585.
988 1508 1032 1570 F:
1056 1503 1186 1589 λέγοιμεν

152 1607 300 1671 marus
321 1610 342 1694 οὲ
363 1617 456 1673 ταῦτα
473 1607 595 1691 νέμουσιν
615 1610 680 1689 εἶναι
697 1613 759 1673 κατ’
773 1610 876 1695 ἀρχάς·
901 1610 1105 1672 dicamus-et
1119 1605 1187 1669 baec

152 1732 225 1771 rora
236 1709 395 1796 fuiffessd
413 1712 576 1774 vivendum
590 1712 639 1792 iis,
658 1713 710 1799 qui
731 1712 769 1775 ab
791 1711 873 1775 initio
891 1711 1052 1797 pascerent.
1091 1706 1187 1771 Plura

152 1805 193 1871 de
216 1808 274 1871 usu
299 1823 481 1894 opportuna
503 1809 580 1873 huic
603 1811 677 1875 Ioco
699 1811 932 1896 cognoscantur
954 1831 994 1872 ex
1016 1804 1185 1870 Abreschii

151 1909 294 1974 Dilucid.
309 1910 457 1996 IIrucyd.
473 1933 506 1997 p.
520 1931 575 1997 53.
618 1913 705 1976 Nam
728 1910 834 1983 minus
852 1909 916 1974 huc
935 1908 1096 1996 pertinent
1109 1929 1183 1993 quae

152 2009 352 2074 tradiderunt
376 2011 527 2098 Vigerius
551 2024 585 2076 et
612 2013 858 2097 Hoogeveenius
882 2013 933 2074 De
963 2007 1117 2073 Idiotism.
1148 2028 1181 2092 p.

144 2131 227 2176 aro.
269 2111 391 2175 Similia
408 2134 448 2176 ex
468 2113 572 2176 Lxx.
588 2111 720 2198 collegit
735 2111 928 2178 dociiffimua
942 2108 1089 2175 Sturzins
1102 2107 1182 2173 Diss.

150 2209 190 2277 de
205 2211 342 2277 Dialett.
359 2213 452 2277 Alex.
467 2235 500 2299 p.
515 2214 568 2294 48.

196 2313 248 2376 80.
262 2313 300 2375 B.
322 2314 383 2386 τοὺς
397 2313 496 2396 λύγους
509 2311 598 2399 ὥσπερ
613 2313 728 2395 parm
746 2313 762 2390 ἢ
783 2313 902 2400 σφούμοις
916 2312 1091 2398 ἐπιδούμενοι]
1111 2336 1182 2377 ora·
1205 2342 1208 2347 ·

152 2413 242 2478 tiones
257 2425 408 2498 tamquam
419 2411 517 2496 castas
532 2426 587 2475 aut
596 2413 676 2498 pilas
692 2407 772 2477 n'obis
787 2411 1037 2499 circumligantes:
1056 2411 1183 2478 videtur

150 2511 324 2600 legendum
347 2513 546 2600 σεςιδούμειοι.
592 2507 797 2600 Comparatio
822 2515 918 2580 dueta
938 2537 959 2578 a
978 2519 1096 2598 πυγμῇ,
1120 2530 1181 2600 pu·

147 2613 262 2701 gilatu,
277 2613 309 2676 in
324 2636 388 2700 quo
404 2627 617 2700 pugnus‘erat
631 2630 772 2680 armatus
787 2615 835 2680 vei
850 2615 947 2700 caestu,
961 2614 1002 2679 ad
1017 2628 1182 2680 certamen

150 2726 184 2776 et
198 2712 417 2777 vehementius
438 2713 630 2793 feriendum,
650 2713 699 2779 vel
716 2713 784 2800 pila
806 2715 1021 2794 circumdatus
1034 2713 1075 2777 ad
1089 2736 1181 2778 exer·

150 2813 275 2892 citium,
298 2828 331 2877 et
351 2813 455 2879 lenius
477 2815 666 2879 feriendum.
711 2815 842 2895 Caestus,
865 2817 978 2897 ἵμανδες,
1001 2815 1073 2878 satis
1093 2815 1180 2880 noti:

62 2945 65 2955 ·
152 2913 240 2978 I'lnto
255 2914 286 2976 in
303 2916 474 3000 Protagora
487 2937 520 3000 p.
534 2917 605 2980 206.
620 2916 664 2978 D.
681 2915 721 2978 de
735 2916 985 2980 Lacedaemoniis
998 2917 1181 2993 -ὲξηιιατιξ-

150 3038 218 3075 auor
239 3014 300 3087 τοὺς
319 3017 345 3075 ἐν
361 3018 422 3101 ratic
435 3012 540 3077 ωύλνσν
563 3014 772 3096 λακωνίζονιας·
797 3015 842 3094 aui
855 3022 878 3078 oi
897 3018 947 3098 pir
964 3012 1023 3094 cirri
1036 3042 1068 3077 rt
1086 3017 1180 3078 κατά·

149 3137 261 3197 ymerus
272 3112 430 3195 μιμούμενοι
448 3115 557 3192 αὐτοὺς,
573 3113 618 3192 καὶ
631 3114 748 3195 ύμοιντοις
763 3115 986 3202 σεςιιλύτδοντσμ,
1001 3116 1022 3200 οὲ
1037 3129 1181 3200 φιλογυμ·

150 3221 272 3293 νοιςοῦοι,
287 3214 309 3299 ‘i
322 3213 461 3300 βραχείας
475 3213 612 3288 enatant
626 3223 758 3302 pigricia·
784 3217 870 3302 quod
885 3239 1050 3303 perperam
1066 3217 1105 3279 stc
1124 3239 1181 3281 ac-

148 3314 239 3401 cepit¹
257 3315 413 3379 Meurfius
430 3314 564 3379 Miscell.
578 3318 698 3380 Lacon.
715 3316 741 3379 Ι.
760 3336 809 3399 17.
835 3317 918 3403 quati
934 3341 1020 3379 aures
1035 3316 1105 3380 loris
1120 3318 1180 3381 cir-

150 3415 389 3501 cumvolvifflnt:
412 3416 499 3502 quod
519 3416 742 3502 accipiendum
759 3430 826 3481 erat
848 3418 884 3479 de
905 3417 1051 3495 manibus,
1074 3419 1181 3503 quibus

150 3518 224 3596 lora,
234 3519 294 3600 scu
308 3516 418 3600 cestus,
433 3518 699 3603 circumligantur3
722 3519 762 3582 de
783 3541 846 3604 qno
861 3518 934 3582 satis
953 3519 995 3582 est
1009 3518 1117 3604 legiffe
1133 3522 1180 3585 II.
1202 3556 1206 3567 ·

149 3616 375 3681 Mercurialem
403 3619 453 3681 Dc
476 3617 557 3681 Arte
585 3619 705 3704 Gymn.
730 3619 773 3682 II.
794 3641 825 3703 9.
866 3618 920 3681 Sic
944 3619 1043 3704 Diog.
1069 3621 1179 3685 Laert.

147 3719 276 3798 VI.42.
307 3718 467 3782 Zenobiua
487 3721 546 3782 VI.
562 3738 617 3798 44.
661 3719 731 3782 Ncc
750 3718 822 3805 pilae
845 3720 917 3782 usus
940 3718 1010 3781 satis
1033 3718 1179 3783 animad-

148 3818 251 3881 versus
271 3818 313 3881 est
330 3817 370 3881 ab
388 3818 612 3904 interpretibus
628 3841 701 3882 cum
717 3820 797 3898 aliis,
819 3834 886 3883 tum
903 3819 1097 3882 Plutarcheis
1115 3820 1180 3886 hoc
1198 3883 1203 3889 ,

147 3919 233 3997 Ioco,
257 3918 310 3981 nin
332 3919 414 3983 forte
434 3918 610 4004 Xylandro.
631 3995 634 4000 ,
656 3919 745 3984 Plato
767 3923 847 4006 Leg.
863 3922 956 3983 VIII.
979 3942 1012 4006 p.
1028 3922 1102 4004 643.
1124 3920 1177 3986 C:

148 4020 293 4100 διωύκτοιι
314 4048 348 4106 γε
370 4020 441 4095 ὄντες
464 4021 641 4103 παμπόλλας
663 4021 696 4084 ἂν
717 4022 817 4109 ἡμέρας
842 4021 980 4108 ἔμπροθεν
1003 4030 1051 4085 τοῦ
1072 4025 1180 4107 ἀγῶνος

149 4120 334 4202 ἐμανθάνομέν
353 4147 383 4183 τε
402 4119 435 4184 air
454 4121 593 4206 μύχεὸαν
615 4119 660 4199 καὶ
680 4122 885 4203 διεπονούμεθα,
899 4121 1057 4204 μιμούμενοι
1077 4123 1178 4186 vaicra

145 4225 235 4286 ἐκεῖνον
253 4219 357 4297 ὁπόσοις
372 4221 523 4305 ἐμέλλομεν
542 4226 577 4297 εἷς
596 4221 658 4286 τύτε
670 4223 819 4309 mictum
837 4223 904 4309 aspi
922 4228 969 4301 τῆς
983 4209 1054 4302 νύοης
1069 4227 1173 4308 διαμοι-
