2692 4770
184 336 262 392 1204
372 333 412 394 D.
423 333 475 394 W.
496 334 706 396 ANIMADV.
727 334 776 396 IN
796 333 1030 422 PLUTARCHI

182 492 330 561 libellum
351 496 583 584 fignificaverit.
620 501 830 588 Quamquam
848 521 954 588 neque
974 497 1039 562 hoc
1058 515 1119 583 pro
1134 504 1227 560 certo

183 595 314 683 quidem
331 597 481 672 habeam.
520 603 685 668 Caeterum
704 601 832 668 initium
846 600 943 690 hujus
955 595 1058 665 libelli
1070 617 1148 661 cum
1162 595 1227 660 fine

183 699 406 765 antecedentia
427 702 620 769 continuant
640 727 704 768 non
720 704 824 769 solum
845 702 975 768 codices
993 723 1013 765 a
1036 699 1131 764 nobis
1153 719 1225 761 me·

184 802 302 868 morati
316 803 350 869 in
365 803 608 872 Emendationis
630 807 824 886 Notatione‚
840 805 958 893 quibua
979 801 1078 868 etiam
1099 798 1228 867 accedit

185 904 389 987 Harleianua,
413 906 468 972 sed
490 907 557 995 ipsa
577 906 681 995 prima
702 911 798 975 verba
817 913 880 973 Τῶν
902 907 929 971 δὲ
950 905 1084 971 εἰσιόντων
1106 931 1136 969 κ.
1150 929 1181 966 τ.
1194 914 1226 966 λ.

184 1004 303 1093 Neque
318 1021 426 1075 tamen
441 1011 504 1076 hoc
519 1010 668 1099 impedit,
688 1009 862 1099 quominus
877 1008 931 1075 hic
948 1008 990 1073 ab
1010 1006 1066 1072 illo
1086 1004 1228 1070 diversus

184 1119 220 1174 et
233 1109 402 1195 peculiaris
416 1111 498 1178 liber
515 1113 577 1179 effe
591 1113 734 1200 potuerit
746 1138 755 1178 a
779 1134 847 1178 uon
861 1106 1081 1196 minua'quam
1094 1105 1146 1173 vel
1158 1108 1228 1173 Xe·

185 1212 361 1300 nophontis
379 1215 561 1299 Hellenica,
585 1218 762 1306 Republica
779 1217 1036 1294 Athenienfium,
1051 1211 1229 1298 fimiliaque

184 1312 322 1380 aliorum
348 1318 474 1406 scripta,
500 1343 640 1407 quorum
664 1321 755 1389 initia
778 1319 818 1385 ad
841 1317 1088 1385 antecedentem
1110 1334 1228 1402 quem·

185 1415 261 1482 dam
277 1417 396 1485 librum
412 1421 565 1508 spectant.

229 1539 263 1604 p.
279 1523 353 1605 236.
370 1524 405 1585 F.
428 1521 481 1608 a‘.]
507 1525 556 1589 Ex
569 1524 648 1590 Vita
665 1522 810 1612 Lycurgi
831 1544 864 1610 p.
879 1523 935 1604 46.
950 1523 995 1588 D.
1031 1519 1181 1586 Refertur
1194 1531 1230 1584 et

184 1620 218 1688 in
230 1624 426 1711 Symposiac.
439 1629 517 1692 VIl.
534 1651 567 1714 p.
578 1634 654 1716 697.
667 1630 710 1693 E:
740 1624 1040 1711 Λακεδαιμόνιον-ὅτε
1054 1623 1110 1689 νέον
1124 1623 1141 1702 t,
1154 1621 1229 1703 ἔν’νον

185 1728 222 1800 εἰς
234 1728 267 1790 τὸ
279 1727 401 1792 <brileto
419 1729 629 1819 ωαςαλᾶἔωσι,
648 1736 701 1807 τὰς
714 1731 828 1820 θυρίδας
848 1730 995 1809 δείξαντες,
1008 1729 1118 1815 Ταύτῃ,
1131 1726 1229 1811 φασὶν,

185 1831 234 1894 οὐκ
246 1829 392 1917 ἐξέρχεταᾳ
406 1832 502 1918 λόγος.
538 1834 727 1901 scholiastes
743 1831 884 1903 Platonis
899 1833 982 1920 leg.
995 1832 1022 1895 l.
1037 1852 1072 1919 p.
1082 1831 1159 1916 568.
1171 1831 1227 1895 D:

185 1930 336 1998 editionis
359 1935 403 1999 D.
424 1935 559 2002 Ruhnk.
585 1959 618 2024 p.
635 1955 717 2022 223:
741 1937 787 1999 τὸν
807 1936 828 1997 δ’
847 1934 1015 2022 ἐγκριθέντα
1029 1938 1043 1996 ὁ
1056 1931 1228 2021 2132σὸ6222-

184 2062 232 2113 τος
244 2047 299 2103 τῶν
313 2038 454 2104 συσσίτων
475 2038 541 2126 ἦγεν
560 2044 596 2115 εἰς
613 2042 659 2105 τὸν
674 2039 745 2103 οἶκον
759 2038 789 2103 οὔ
804 2042 842 2101 τὰ
856 2037 1004 2117 συσσίτια,
1025 2039 1073 2102 καὶ
1086 2041 1165 2126 sapei
1179 2040 1229 2115 τὴν

184 2139 271 2228 θύραν
288 2140 357 2206 ἔνδον
373 2146 433 2216 ἶςᾶς
449 2141 556 2229 ἶλεγεν,
577 2149 601 2182 “
614 2145 686 2206 'Arri
700 2147 748 2219 τῆς
761 2139 849 2227 θύρας
862 2138 965 2218 ταύτης
984 2139 1070 2225 λόγος
1084 2143 1133 2203 οὐκ
1148 2139 1228 2228 liip-

182 2269 281 2330 X'Wl·
988 2320 994 2328 .
1276 2290 1283 2298 ·

228 2347 304 2432 236.
320 2348 356 2412 F.
377 2345 434 2432 6.]
457 2349 508 2415 Ex
522 2346 600 2413 Vita
612 2346 756 2435 Lycurgi
775 2368 811 2432 p.
821 2348 877 2428 46.
893 2349 933 2426 Ε,
949 2346 985 2412 F.
1001 2344 1057 2410 ubi
1071 2366 1132 2432 pro
1146 2341 1228 2411 Dio·

183 2447 261 2535 rysto
290 2448 405 2514 Sicilia
427 2462 565 2536 tyranno,
591 2449 723 2537 ponitur
746 2448 858 2538 aliquis
884 2448 1075 2513 Ponticorum
1097 2472 1227 2536 regum:

184 2573 381 2639 quamquam
397 2553 430 2617 in
446 2553 559 2618 eadem
583 2576 618 2617 re
633 2551 790 2618 narranda
806 2551 976 2638 Dionyſsum
991 2565 1152 2637 tyrannum
1165 2553 1230 2617 fert

185 2650 302 2719 Cicero
316 2655 411 2719 Tusc.
426 2656 470 2721 V.
484 2675 539 2741 34.
554 2670 588 2718 et
600 2655 749 2719 Stobaeus
762 2653 848 2719 Flor.
864 2655 995 2718 XXIX.
1018 2676 1052 2739 p.
1070 2654 1145 2720 208.
1175 2655 1229 2718 De

184 2755 509 2822 Lacedaemoniorum
534 2759 628 2843 ζωμῷ,
656 2756 751 2844 plura
774 2755 872 2822 ctiam
900 2754 1060 2821 Meurfius
1087 2755 1227 2822 Miscell.

183 2857 307 2931 Lacon.
326 2859 353 2921 1.
370 2859 401 2922 8.
418 2880 452 2944 p.
466 2879 520 2940 40.

227 2979 261 3044 p.
278 2976 352 3043 237.
368 2960 412 3024 Α.
436 2959 492 3044 72]
517 2962 566 3025 Ex
578 2961 656 3027 Vita
673 2960 816 3049 Lycurgi
834 2983 868 3049 p.
883 2963 938 3042 46.
955 2963 990 3026 F.
1029 2962 1081 3026 De
1096 2961 1161 3026 hoc
1175 2962 1227 3027 in-

184 3061 294 3127 stituto
313 3062 498 3149 Xenophon
523 3066 603 3150 Rep.
623 3063 744 3130 Laced.
758 3065 801 3131 V.
819 3078 850 3148 7.
889 3064 980 3130 Plato
1003 3064 1036 3129 in
1059 3064 1174 3130 Minoe
1192 3087 1227 3152 p.

183 3180 239 3250 47.
252 3166 296 3230 A.
323 3165 459 3252 Cragius
475 3168 537 3231 111.
553 3183 586 3254 5.
601 3182 633 3251 7.
648 3180 683 3232 et
697 3167 728 3231 8.
744 3189 778 3255 p.
792 3184 866 3251 247.
882 3167 946 3255 seq.
973 3167 1133 3233 Meurfiua
1146 3168 1227 3234 Mis·

183 3266 258 3337 cell.
275 3269 397 3331 Lacon.
413 3268 441 3331 Ι.
460 3286 511 3349 14.
527 3290 560 3354 p.
576 3271 637 3354 63:
661 3281 696 3333 et
709 3290 769 3332 nos
783 3289 885 3354 pauca
902 3290 936 3355 p.
955 3286 1028 3350 224.
1044 3268 1090 3333 D.
1105 3267 1140 3332 δ’.

228 3384 304 3453 237.
319 3369 363 3433 A.
386 3367 436 3454 8]
462 3372 511 3435 Ex
529 3371 606 3439 Vita
627 3370 773 3458 Lycurgi
795 3392 828 3456 p.
842 3385 897 3456 50.
916 3372 956 3436 B.
979 3385 1013 3435 et
1026 3371 1131 3452 44.E.
1162 3372 1226 3437 Re·

184 3470 248 3561 fert
262 3471 401 3559 Cragius
417 3473 479 3537 111.
496 3474 527 3537 8.
546 3493 575 3537 1.
599 3494 632 3560 p.
650 3474 724 3540 282.
754 3473 913 3538 Meursms
927 3472 1022 3540 Mire.
1039 3473 1165 3538 lacon.
1180 3473 1227 3538 11.

186 3593 239 3662 19.
255 3574 343 3661 quod
357 3576 389 3639 in
404 3575 510 3642 iudice
526 3589 647 3641 temere
662 3590 822 3641 notatum.

227 3694 302 3764 237.
315 3678 353 3742 B.
377 3677 424 3764 ε’,.]
449 3681 498 3744 Ex
512 3678 589 3744 Vita
602 3677 747 3768 Lycurgi
761 3699 794 3765 p.
807 3696 862 3762 5ο.
880 3678 920 3742 C.
957 3676 1095 3765 Cragius
1112 3677 1177 3742 111.
1194 3680 1229 3745 6.

184 3800 216 3848 2.
232 3801 265 3867 p.
283 3799 357 3865 252.
375 3796 409 3845 et
421 3797 454 3866 5.
475 3803 510 3868 p.
528 3796 602 3866 257.
638 3781 797 3847 Meursrus
811 3780 907 3847 Milo.
922 3782 1003 3865 Lac.
1020 3781 1048 3844 1.
1065 3796 1119 3866 15.
1152 3782 1228 3848 No·

184 3885 244 3951 stra
258 3906 291 3971 p.
308 3897 383 3969 235.
398 3887 443 3948 A.
456 3882 520 3966 μεθ’.

227 4004 301 4073 237.
319 3989 356 4051 Β.
379 3984 431 4074 ς’.]
457 3988 506 4052 Ex
521 3986 600 4052 Vua
614 3984 759 4075 Lycurgi
781 4007 814 4073 p.
828 4005 884 4071 50.
900 3983 941 4051 C.
980 3985 1101 4051 Plinius
1115 3987 1163 4053 H.
1178 3987 1226 4055 N.

181 4089 277 4156 XVI.
292 4091 346 4153 66.

225 4207 300 4276 237.
311 4177 350 4256 Β.
367 4189 423 4277 ζ’.]
445 4193 620 4258 Puerorum
632 4213 724 4257 umor
736 4189 873 4257 breviter
885 4201 1085 4257 memoratur
1099 4189 1134 4255 in
1146 4189 1228 4256 Vita

180 4293 325 4387 Lycurgi
346 4316 381 4382 p.
394 4313 450 4381 51.
466 4295 512 4364 D.
548 4296 587 4362 Iu
605 4294 669 4362 hoe
684 4292 759 4363 loco
778 4292 884 4384 magia
902 4293 1088 4384 agnoscitur
1106 4292 1225 4362 Xeno·
