2692 4770
185 811 522 913 DANIELIS
563 796 1147 914 WYTTENBACHII

355 1136 968 1225 ANIMADVERSIONES

283 1445 358 1542 ru
382 1444 762 1544 Puuuuucur
787 1446 1041 1544 Luuuu
1170 1390 1207 1562 J

219 1772 280 1839 DE
300 1771 538 1838 CAPIENDA
558 1774 619 1838 EX
641 1772 838 1855 INIMICIS
861 1772 1109 1839 UTILITATE.

559 2054 765 2085 4-

162 2240 210 2351 P.
222 2289 272 2354 8⁶.
287 2291 327 2356 u.
359 2291 452 2372 Ποῖ
476 2293 629 2359 ΑΝΉΣ
655 2297 723 2357 ru·
749 2295 923 2357 uxuruu
945 2288 1176 2372 uumtouo]

163 2387 196 2452 In
213 2392 369 2479 Lampriae
390 2393 550 2481 Catalogo
567 2395 669 2458 Num.
689 2394 869 2460 CXXVII=
901 2391 1028 2477 Sopatri
1050 2389 1180 2476 Eclogis

160 2491 237 2575 apud
253 2493 403 2558 Photium
427 2494 510 2560 Cod.
532 2496 651 2560 CLXI.
673 2517 707 2581 p.
726 2516 810 2581 341:
842 2494 978 2560 Macarii
1000 2494 1180 2579 Chrysoce·

162 2592 254 2677 pbalae
270 2595 438 2660 Rhodonia
453 2596 539 2681 apud
554 2597 767 2661 Villoisonum
782 2597 815 2660 iu
829 2594 990 2661 Anecdot.
1006 2598 1064 2659 Gr.
1078 2596 1118 2658 T.
1134 2593 1180 2657 ll.

161 2713 191 2777 p.
209 2715 257 2759 10.
284 2695 399 2761 eodem
422 2697 518 2762 titulo
540 2697 696 2784 proditur.
733 2697 881 2761 Stobaeus
903 2698 1007 2760 Serm.
1029 2695 1122 2759 XIX.
1145 2714 1179 2780 p.

159 2798 233 2879 366:
260 2798 431 2884 Πλυτάρχε
454 2805 480 2862 ἐν
497 2805 548 2883 τῷ,
570 2805 636 2873 Πῶς
658 2802 698 2872 ἑςι
723 2801 770 2862 ἀπ’
792 2803 900 2884 ἐχθρῶν
921 2799 1110 2880 ὠφεληθῆναι
1136 2795 1181 2861 itu

159 2896 250 2965 editio
272 2899 426 2979 Schowli,
452 2923 526 2965 uam
553 2900 586 2965 in
610 2898 858 2965 Trincavelliana
884 2902 986 2964 Serm.
1011 2899 1120 2964 XVII.
1147 2912 1181 2965 et

158 3003 344 3068 Gesneriana
364 3005 494 3068 nonest
516 3003 590 3069 libri
612 3026 743 3069 nomen.
787 3003 878 3069 Idem
903 3005 1052 3069 Stobaeus
1074 3003 1178 3068 Serm.

158 3104 313 3169 XXXIII.
336 3126 371 3189 p.
388 3122 462 3186 214.
478 3104 520 3168 ad
541 3104 650 3169 locum
672 3103 809 3168 citatum
829 3125 869 3168 ex
889 3104 952 3169 hoc
972 3103 1055 3168 libro
1074 3125 1109 3189 p.
1124 3122 1179 3190 90.

156 3203 193 3270 Β.
214 3203 276 3270 ἄνευ
297 3207 325 3269 ii
345 3206 694 3292 ruiru-xartpyoimo4‚
716 3203 862 3270 additum
884 3204 983 3270 habet
1003 3205 1036 3270 in
1056 3202 1179 3268 Gesne-

157 3303 240 3370 riana
258 3305 400 3370 editione
422 3305 574 3371 Latinum
596 3305 751 3392 elogium,
771 3304 932 3370 Plutarchi
951 3305 984 3368 in
1001 3302 1088 3383 libro,
1103 3327 1179 3392 quo·

154 3407 232 3471 nodo
254 3408 319 3494 quis
332 3407 472 3493 fredum
493 3407 533 3471 ab
554 3407 677 3471 inimicis
698 3407 798 3494 capiat
809 3429 820 3487 ;
846 3428 921 3472 uam
941 3406 976 3471 in
996 3405 1179 3492 Trincuvel·

154 3505 234 3570 liam
248 3507 338 3572 locus
354 3506 407 3571 hic
421 3506 521 3571 deest:
544 3505 735 3570 Schowiana
748 3504 780 3570 in
792 3508 894 3571 Serm.
900 3505 1044 3572 XXVII.
1055 3502 1178 3575 definit.
1252 3582 1254 3587 ¹

156 3605 334 3692 Simplicius
354 3606 597 3671 Commentario
611 3605 644 3670 in
658 3605 799 3692 Epiueti
812 3605 1021 3672 Euchiridion
1041 3628 1076 3694 p.
1090 3609 1154 3694 306
1167 3633 1177 3673 z

153 3709 197 3770 καὶ
218 3708 266 3793 ὗγι
288 3710 445 3795 Χαιρωνιὺς
467 3709 657 3796 Πλούταρχος
679 3704 787 3787 βιέλίον
808 3706 870 3772 ὅλον
892 3708 959 3794 περὶ
981 3713 1029 3786 τῆς
1049 3711 1104 3775 ἀπὸ
1125 3720 1179 3776 τῶν

153 3812 257 3897 ὗχθςῶν
276 3809 409 3890 ὠφελείας
430 3808 609 3873 συντέθεικεν.
648 3807 798 3874 Citantur
816 3830 912 3895 porro
925 3808 989 3874 loci
1002 3832 1042 3876 ex
1055 3809 1118 3878 hoc
1135 3810 1178 3878 li·

153 3910 218 3990 bro,
233 3911 345 3977 omilso
363 3925 474 3976 tamen
489 3911 557 3998 ejus
577 3910 684 3989 titulo,
708 3932 768 3975 nec
782 3910 843 3976 'nisi
866 3909 1027 3977 Plutarchi
1048 3909 1179 3979 nomine

154 4011 276 4079 addito:
300 4031 335 4100 p.
353 4013 408 4097 87.
424 4011 463 4077 B.
482 4033 501 4076 a
520 4010 617 4077 Suida
632 4011 666 4076 iu
679 4009 811 4098 Σικχὸςε
835 4032 938 4100 ppz.
952 4013 997 4078 D.
1017 4013 1180 4080 aThoma

153 4112 298 4200 Magistro
313 4116 348 4179 in
365 4115 474 4198 Ὑπὲρι
496 4133 531 4200 p.
547 4113 600 4179 88.
614 4113 658 4179 D.
672 4112 706 4179 in
719 4113 895 4181 Sententiis
908 4111 1044 4183 Maximi
1057 4126 1093 4182 et
1104 4114 1178 4183 An·

155 4213 229 4281 touii
240 4236 274 4304 p.
281 4236 364 4306 329.

629 4333 714 4401 813
