2692 4770
256 305 697 370 APOPHTH.LAO0N10A.
717 304 909 384 parum.
1028 309 1106 379 1¹⁴9

64 468 126 536 tim
141 470 276 558 scriptor
291 470 431 560 Agesilai
445 470 676 557 Xenophontei
690 472 734 536 V.
751 489 781 537 2.
797 487 837 555 7:
862 472 891 534 οὐ
910 474 963 552 μὴν
983 467 1055 556 ὕπνῳ
1071 492 1108 554 γε

63 573 194 660 δεσπότῃ,
209 574 277 637 ἀλλ’
292 573 441 662 ἀρχομίνφ
454 576 504 637 ὐπὸ
517 581 572 638 τῶν
584 573 716 659 πράξεων
731 576 851 662 iggitur
874 572 963 657 quod
976 594 1015 636 ex
1029 570 1109 636 Vita

64 673 151 739 forte
174 674 309 741 exciditz
337 675 390 739 sed
415 675 460 741 ibi
482 674 608 762 plenius
623 674 674 740 'ad
697 674 956 763 intelligentiam,
982 670 1055 758 ’πρός
1076 697 1109 740 τι

64 777 176 852 θάλπος
199 775 271 841 οὕτω
289 775 335 855 καὶ
354 778 447 864 ψύχος
471 777 559 864 εἶχεν,
581 775 673 865 ὥσπερ
691 775 770 860 μένος
788 775 829 840 ἀεὶ
848 781 965 863 χρῆθω
981 779 1043 850 ταῖς
1057 773 1109 839 tal

64 886 132 944 θεοῦ
144 882 329 970 ικεκραμένους
342 879 424 968 ὥραις
437 883 581 966 πεφυκώς·
604 903 677 969 quae
693 882 826 968 scriptor
839 880 979 968 Agefilai
994 882 1109 945 Xeno·

12 1066 26 1089 ο
66 981 203 1070 phontei
218 983 257 1047 fic
272 982 412 1048 reddidit
428 985 488 1048 IX.
504 1001 546 1070 5:
568 982 670 1071 ᾗδατῇ
689 991 743 1047 τῶν
760 988 830 1047 θεῶν
845 985 1006 1069 κατασκευῇ
1025 981 1109 1046 δυνά·

64 1109 145 1167 μινυς
159 1085 272 1160 ἀλύπως
282 1090 411 1171 χρῆσθαι·
441 1133 455 1155 .

110 1208 145 1273 p.
162 1205 237 1255 210.
253 1188 296 1252 A.
313 1185 377 1274 ut]
401 1188 513 1253 Habet
526 1210 654 1276 quoque
669 1186 928 1273 Xenophonteus
942 1185 1111 1273 Agesilaus

65 1289 109 1357 V··
128 1306 168 1355 2:
191 1294 284 1374 ἡγὸτο
305 1293 363 1376 γὰρ
385 1288 503 1378 ἄρχοντι
521 1291 685 1377 προσήκειν,
703 1292 733 1352 οὗ
754 1288 889 1375 μαλακίᾳ
907 1292 986 1353 ἀλλὰ
1005 1312 1109 1376 mgn-

65 1389 126 1477 piqt,
140 1399 195 1455 τῶν
210 1393 319 1456 ἰδιωτῶν
331 1397 478 1479 anpnim.

111 1511 187 1558 aro.
201 1493 246 1556 A.
270 1488 323 1579 κ’.]
351 1493 433 1558 Haec
448 1494 515 1558 fere
533 1491 596 1558 loci
619 1491 802 1558 communis
823 1493 919 1559 instar
931 1492 1113 1558 celebratur

66 1593 138 1660 laus
152 1593 263 1681 legum
280 1595 421 1683 Lycurgi
431 1596 573 1682 spernere
586 1596 767 1682 volupiam.

112 1714 186 1763 210.
202 1697 245 1762 A.
269 1696 342 1783 aust]
369 1699 410 1762 Et
426 1697 490 1763 hoc
505 1697 660 1784 fingulare
674 1699 728 1763 est.
752 1697 987 1763 Valckenarius
1002 1719 1111 1764 corre-

68 1796 169 1864 &loni
184 1799 349 1864 firmanda.
369 1799 451 1864 citat
473 1799 672 1887 Hesychium
688 1800 720 1863 in
737 1821 826 1881 voce,
841 1799 987 1882 Μώμεθα·
1011 1803 1112 1883 ζητοῦ-

67 1923 131 1984 μεν·
156 1900 227 1966 haec
244 1900 435 1987 subjiciens:
461 1907 484 1941 “
499 1901 562 1965 hoc
584 1921 658 1965 vero
680 1899 804 1966 dietum
820 1901 925 1965 senem
947 1901 979 1965 in
1003 1902 1112 1990 AEgy-

66 2009 92 2042 “
108 2016 166 2089 pto
180 2001 288 2067 dixifl'e
302 2001 440 2089 suspicor
454 2001 654 2090 Agesilaum
677 2017 711 2067 et
727 2025 785 2067 cur
800 2002 863 2067 hoc
878 2002 1016 2089 suspicer
1030 2024 1112 2068 con·

66 2111 91 2145 “
109 2104 400 2181 stabitconl'erenti
422 2103 628 2169 Plutarchum
650 2105 682 2169 in
705 2102 853 2191 Agefilao
874 2127 907 2192 p.
925 2108 1001 2170 616.
1018 2108 1058 2185 E,
1074 2109 1111 2173 F.

67 2215 142 2272 “et
166 2207 309 2272 Cornelii
329 2207 468 2294 Nepotis
490 2206 609 2295 Agefil.
626 2229 656 2271 c.
673 2207 709 2272 8:
733 2228 829 2294 quem
853 2206 972 2274 diversa
993 2209 1112 2273 confu-

70 2317 95 2349 “
112 2307 198 2387 diffe,
217 2308 305 2395 quod
326 2311 471 2374 Romano
489 2309 633 2397 scriptori
655 2309 888 2396 elegantillimo
908 2309 1004 2376 toties
1026 2312 1112 2377 acci-

69 2419 94 2451 “
109 2410 183 2475 disse
207 2411 339 2491 nollem,
354 2412 457 2498 liquet
472 2435 510 2476 cx
526 2412 563 2476 iis
584 2434 657 2498 quae
679 2434 772 2476 verax
794 2426 902 2477 narrat
924 2413 1112 2500 Theopom-

68 2521 94 2553 “
111 2516 209 2600 pua.”
245 2516 288 2577 Et
309 2536 328 2576 a
347 2519 451 2596 μῶθω
476 2513 576 2578 dictas
601 2515 711 2601 illusas
735 2514 780 2577 ait
807 2513 897 2578 Plato
922 2514 1056 2603 Cratylo
1076 2539 1112 2604 p.

72 2621 147 2682 266.
168 2615 208 2678 E.
253 2615 317 2679 Sed
346 2637 405 2679 nec
434 2615 575 2698 ἀμώμεθα
603 2616 775 2680 absurdum
803 2615 928 2680 videtur
957 2617 1112 2698 metimus3

70 2715 223 2804 liquidem
243 2739 302 2781 nec
322 2716 445 2802 reliqua
458 2716 536 2781 diui
556 2731 659 2804 parte,
674 2740 734 2782 nec
750 2717 781 2781 in
798 2716 923 2782 caeteris
938 2717 1032 2783 diuis
1047 2722 1112 2785 La·

67 2821 184 2884 conica
210 2819 365 2884 dialeclus
391 2820 535 2884 constat:
559 2833 593 2884 et
612 2832 650 2883 ut
670 2819 796 2905 θερίζειν,
819 2821 859 2886 fic
882 2825 1003 2902 &uidua
1023 2837 1113 2888 tran-

69 2921 146 2986 ssate
161 2919 291 2984 dicitur.
314 2942 344 2983 v.
360 2939 390 2982 c.
412 2920 454 2984 ab
471 2918 624 3007 Euripide
639 2922 741 2984 Inone
755 2921 841 3006 apud
857 2922 952 2987 Stob.
975 2943 1009 3008 p.
1024 2938 1113 3010 507.
1103 2948 1112 2966 ·

70 3053 144 3091 nar
144 3027 365 3108 ’ἄμαθιτωνδι
380 3024 535 3102 liniendi
523 3048 589 3112 ερας·
606 3039 641 3090 et
654 3026 731 3091 alias
747 3040 879 3091 notante
896 3028 1061 3094 Eustachio
1074 3028 1116 3096 ad

71 3128 165 3195 Iliad.
180 3135 217 3192 Γ.
241 3150 274 3216 p.
290 3147 367 3213 423·
384 3132 438 3212 36.
483 3128 529 3191 H.
545 3128 713 3214 Stephano
732 3128 828 3194 Thes.
850 3130 890 3199 1..
906 3131 964 3194 Gr.
979 3132 1019 3196 T
1036 3134 1063 3196 Ι.
1078 3153 1115 3219 p.

70 3235 148 3319 382.
162 3233 196 3296 F.
220 3233 297 3318 383.
312 3233 356 3294 A.

115 3352 190 3402 210.
208 3334 245 3395 B.
265 3330 343 3446 ad]
370 3328 473 3414 λέγων,
492 3352 688 3416 quamquam
708 3330 742 3396 in
761 3331 913 3398 omnibus
933 3276 1115 3420 proditum,

72 3449 182 3499 tamen
204 3432 314 3520 potius
336 3453 355 3496 a
376 3432 505 3497 librario
528 3431 688 3512 additum,
706 3455 802 3519 quam
821 3455 860 3499 ex
875 3434 940 3499 alio
958 3436 1118 3503 vocabulo

72 3537 283 3625 depravatum
299 3533 416 3598 dicam.
451 3533 562 3600 lllud'
552 3560 579 3596 ιν
592 3533 736 3623 μπαὸολῇ
753 3534 911 3618 pandonia
930 3540 1018 3620 ζητεῖν
1035 3562 1115 3604 acu·

72 3661 147 3706 men
173 3639 412 3704 conformatum
438 3659 477 3701 ex
499 3637 667 3722 proverbio
691 3635 847 3716 Μεταέολὴ
868 3640 987 3704 πάντων
1008 3643 1116 3727 γλυκὺ,

72 3742 161 3830 quod
184 3743 225 3807 ab
247 3739 402 3827 Euripide
425 3739 526 3806 Orest.
544 3759 617 3825 234.
633 3739 770 3819 dicium,
789 3742 831 3804 ab
850 3741 919 3806 aliis
933 3742 1117 3812 adhibitum

71 3845 134 3911 est:
158 3868 187 3908 v.
205 3868 235 3910 c.
265 3841 435 3908 Aristotele
457 3842 620 3908 Rhetoric.
638 3844 664 3907 1.
683 3862 733 3909 11.
765 3842 872 3908 Ethic.
888 3845 1021 3911 Nicom.
1035 3850 1116 3915 Vll.

74 3966 125 4029 14.
157 3945 295 4011 Eudem.
311 3946 388 4009 VII.
413 3965 441 4008 1.
472 3945 719 4009 Controversum
743 3944 830 4031 apud
852 3945 1042 4034 interpretes
1062 3950 1116 4014 iu-

71 4047 138 4129 ine,
160 4047 350 4112 Scholialles
371 4045 481 4132 Eurip.
498 4046 521 4109 l.
537 4067 566 4110 e.
586 4057 720 4110 monet:
745 4045 872 4111 fortaffe
886 4058 919 4112 et
934 4047 1119 4136 hujusmodi

72 4150 235 4217 calumnia
249 4149 358 4228 fuerit,
379 4148 414 4212 Si
432 4149 559 4212 omnivm
572 4171 672 4210 rerum
687 4147 811 4211 mutatio
821 4151 935 4237 suavis
948 4149 998 4237 est,
1010 4155 1118 4244 sequi.

75 4265 138 4333 tur,
153 4254 243 4317 etiam
256 4250 429 4316 mutationis
443 4249 633 4315 mutationem
641 4251 773 4337 suavem
787 4251 853 4344 ψ.
