2692 4770
147 360 207 419 612
253 360 293 418 D.
308 360 360 418 W.
379 359 589 422 ANIMADV.
609 362 657 423 IN
677 362 908 424 Ptu'raucm
927 363 1002 423 LIB.
1021 363 1078 422 irc.

148 519 220 586 luto
241 533 347 607 partes
369 523 446 610 figni
469 524 645 591 subtiliores
666 548 777 614 ungue
798 526 934 592 formata
958 523 1099 590 soleant:
1130 519 1187 586 als

150 636 230 703 tera,
251 622 339 709 quod
360 624 479 690 laevitas
500 648 537 691 ac
560 627 700 712 politura
717 628 797 715 figni
818 627 1042 713 explorabatur
1058 645 1182 711 ungue,

150 725 206 811 qui
228 726 249 788 sr
272 726 350 813 quid
374 727 476 813 asperi
499 727 685 809 offendisset,
706 729 739 793 id
760 729 896 794 artifices
918 727 1078 816 corrigere
1099 725 1184 790 solc-

150 829 249 894 bant:
274 829 367 916 cujus
382 852 445 894 non
463 830 579 917 justam
600 830 756 896 rationem
775 829 888 895 habuit
902 831 948 895 vir
967 829 1021 895 ilic
1044 827 1183 893 doetissi-

150 950 235 1009 mm,
255 952 450 1018 quamquam
463 954 483 996 a
499 930 646 1018 plurimis
660 935 815 998 Veterum
829 942 1088 996 commemorata
1103 950 1184 993 oon-

151 1029 348 1097 suetudinis:
374 1055 479 1120 neque
497 1034 595 1098 ctiam
616 1033 772 1120 ejusmodi
786 1033 889 1099 adfert
904 1032 1094 1109 testimonia,
1110 1031 1186 1117 qui-

151 1131 213 1196 bua
234 1132 388 1198 efficiatur
405 1133 493 1220 quod
511 1133 591 1213 vult,
614 1133 701 1198 illam
723 1134 861 1220 priorem
884 1133 1040 1198 rationem
1063 1131 1184 1197 solum-

147 1232 251 1298 modo
272 1233 421 1320 eaeemplis,
441 1256 506 1298 non
528 1233 606 1299 itcm
629 1234 761 1323 operibus
781 1235 822 1299 ad
842 1233 897 1298 illa
917 1232 1065 1320 exempla
1080 1232 1185 1311 factis,

153 1323 297 1400 adhiberi
311 1334 436 1400 solitam
451 1333 551 1400 fuiffe.
585 1338 628 1400 Et
642 1334 695 1399 hic
710 1335 871 1401 Plutarchi
885 1336 975 1399 locus
989 1333 1127 1398 oefemur
1144 1333 1186 1398 ad

153 1436 371 1502 commissuras
392 1436 537 1523 lapidum
558 1436 682 1503 aedificii
696 1436 944 1524 complanandos
957 1449 991 1501 et
1003 1437 1113 1500 amutii
1128 1457 1184 1500 cx·

152 1537 334 1624 aequandas.
370 1538 414 1601 Et
436 1538 564 1603 Horatii
590 1539 636 1603 A.
654 1539 689 1604 P.
709 1557 783 1624 294.
814 1538 978 1623 Perfettuni
1005 1536 1098 1601 decies
1126 1561 1187 1602 noa

153 1636 312 1726 castigavit
328 1638 372 1702 ad
388 1661 529 1727 unguem,
548 1638 589 1704 ad
607 1638 765 1727 imaginem
785 1653 820 1704 ct
840 1655 922 1727 opus,
943 1661 1008 1703 non
1026 1637 1067 1702 ad
1086 1663 1187 1705 mem·

148 1738 247 1828 plum,
272 1739 424 1826 pertinet·
469 1740 512 1804 Et
533 1739 694 1826 ἐξονυχίζιν
712 1739 826 1806 Suidaa
847 1738 952 1805 reddit
974 1740 1109 1822 ὗέετᾶζεν
1128 1746 1185 1816 τοῖς

153 1840 236 1921 ὄνυξι,
257 1839 345 1927 quod
364 1852 398 1904 ct
415 1839 489 1905 usua
509 1841 677 1906 confirmat
690 1840 887 1927 Scriptorum
908 1841 943 1905 in
964 1840 1186 1927 metaphorica

154 1943 381 2030 fignificationc
393 1950 443 2006 τοῦ
455 1939 700 2030 &quiunquam
716 1943 757 2008 de
769 1965 834 2030 qua
849 1942 1048 2030 Phrynichus
1061 1965 1095 2029 p.
1111 1947 1184 2012 126.

138 2044 262 2132 ibique
278 2044 470 2108 Nunncfius.
505 2045 674 2133 Dionytius
688 2045 765 2111 Hal.
781 2045 866 2131 Opp.
883 2044 977 2109 Rhet.
1001 2066 1034 2130 p.
1051 2064 1123 2130 171·
1140 2050 1185 2114 rii

152 2147 297 2212 Λυσιακὸν
311 2151 483 2232 χαρακτῆρα
499 2143 673 2228 ἔκμίμακτοᾳ
687 2151 723 2223 εἰς
737 2146 834 2231 ὄνυχα·
857 2145 903 2209 od
918 2169 1047 2232 unguem
1056 2148 1185 2231 fimilli·

153 2272 218 2314 mus
242 2248 351 2334 Lffiae.
397 2248 489 2312 Plura
516 2261 666 2333 petantur
692 2251 733 2314 ab
755 2249 883 2312 Erasmo
904 2247 1011 2334 Adag.
1041 2270 1075 2335 p.
1096 2266 1184 2336 5072

157 2351 196 2417 [s.
220 2342 409 2415 Casaubono
429 2347 471 2415 ad
494 2350 575 2413 Pers.
587 2351 620 2420 I.
634 2352 695 2436 65:
718 2349 943 2435 interpratibus
965 2351 1094 2417 Horatii
1115 2352 1140 2417 l.
1153 2374 1184 2421 c.

155 2449 414 2537 Lexicographis,
441 2469 517 2513 cum
546 2450 669 2517 Latinis
694 2450 727 2517 in
754 2450 882 2538 Unguis,
910 2464 981 2516 tum
1003 2452 1126 2519 Graecis
1150 2455 1183 2521 iu

148 2553 416 2639 *Oroffy‘waissm
427 2551 610 2636 Ἔξονυχίζω.
636 2588 639 2593 ·
