2692 4770
264 281 767 350 ramenmaconruentm.
788 287 1076 368 plenu-rma.
1130 294 1184 347 en

203 445 275 530 138.
293 450 337 512 D.
360 455 476 536 πληγὴν
488 458 535 529 τῆς
548 451 724 538 μελίιίης-]
751 451 857 516 Fluxit
870 451 947 514 item
967 472 986 513 a
1008 447 1186 529 proverbio,

158 546 246 630 quod
275 551 453 617 notavimus
474 553 515 616 ad
540 556 607 618 Ser.
630 555 732 618 Num.
752 552 849 619 Vind.
876 573 909 638 p.
925 566 957 635 7.
981 573 1020 614 ex
1046 550 1184 614 Platonis

158 646 319 714 Phaedone
341 673 373 737 p.
391 672 466 739 390.
489 658 531 718 F:
561 656 651 743 deneg
674 655 785 738 μέλιτία
808 657 840 718 τὸ
862 653 967 740 κέντρον
988 657 1184 736 ἐγκαταλιπων

154 750 319 833 οἰχήσομαι.
355 755 409 818 Ad
431 755 618 840 presentem
640 757 827 820 sententiam
849 754 972 820 aceedit
990 753 1110 818 dietum
1127 753 1184 817 sub

152 851 293 937 Epicteti
310 856 438 922 nomine
452 857 612 944 proditum
629 857 714 944 apud
727 857 861 921 Maxim.
876 868 909 919 et
921 855 1044 918 Anton.
1062 877 1095 940 p.
1107 868 1181 937 720.

154 965 188 1015 et
209 952 398 1020 in¹Gn0mls
417 958 515 1022 MSS.
537 959 691 1046 Biblioth.
712 956 940 1044 Lugd.‘'ssraep
955 956 1081 1037 μέλιτίαν
1095 960 1124 1019 οὐ
1139 958 1183 1018 διὰ

152 1053 185 1116 τὸ
208 1054 317 1143 κίνσςον
334 1063 435 1139 μισεῖς,
453 1064 532 1122 ἇλλιί
551 1063 594 1123 διὰ
612 1062 658 1124 τὸν
676 1061 777 1145 καρπὸν
798 1063 933 1141 σημελεῖς·
958 1055 1027 1119 aire)
1041 1058 1088 1119 καί
1105 1055 1181 1139 φίλον

151 1158 192 1234 μὴ
207 1155 239 1216 δι’
256 1156 395 1236 ἐπίπληξιν
411 1165 580 1248 ἁποςςαφῇς,
595 1165 673 1223 ἀλλὰ
688 1164 731 1223 διὰ
745 1164 793 1237 τὴν
808 1158 907 1222 εὔνοιαν
920 1159 1033 1242 ἀγάπα.

199 1257 271 1341 138.
287 1261 324 1321 Ε.
347 1260 493 1346 θρυαλλίδι
513 1261 577 1343 καί]
599 1261 695 1325 Abest
710 1262 742 1324 in
764 1261 807 1326 Α.
821 1259 897 1324 Ald.
914 1259 982 1323 Bas.
997 1257 1075 1344 Xyl.

199 1357 272 1440 138.
288 1359 323 1422 F.
347 1358 469 1446 ἱδρυθεὶς]
496 1363 533 1424 Ε.
551 1360 687 1447 ίδςννθείς.

198 1474 230 1540 p.
249 1475 320 1541 139.
335 1459 378 1521 A.
402 1465 439 1521 nt
452 1458 793 1545 βυλόμεναι-βλὲπεσι]
829 1458 937 1523 Habet
956 1457 1102 1523 Stobaeus
1116 1455 1181 1523 lit.

153 1553 345 1620 LXXXIII.
362 1578 393 1643 p.
404 1560 480 1644 483.

196 1677 229 1741 p.
249 1676 319 1742 139.
337 1659 377 1722 C.
399 1660 544 1744 Ἡρόδοτος
561 1660 644 1745 εἶπεν]
671 1663 773 1746 Supra
794 1659 929 1748 citatum
951 1681 983 1745 p.
999 1676 1053 1743 37.
1071 1658 1111 1723 C.
1126 1658 1183 1722 ubi

153 1757 261 1823 sedem
288 1762 506 1827 Herodoteam
534 1764 560 1826 I.
583 1765 613 1828 8.
640 1763 831 1826 notavimus.
866 1763 914 1824 Ex
937 1760 1000 1825 hoc
1023 1759 1184 1825 Plutarchi

153 1857 228 1924 loco
242 1857 347 1927 sumsit
362 1865 579 1952 Hieronymus
594 1864 677 1927 Adv.
691 1865 795 1929 Jovin.
812 1866 838 1926 I.
856 1884 889 1947 p.
902 1863 963 1946 38:
989 1859 1097 1924 Scribit
1116 1859 1182 1923 He·

152 1961 283 2041 rodatur,
298 1965 376 2056 qaod
389 1965 494 2028 mulier
508 1990 571 2028 cum
585 1963 661 2050 veste
675 1965 801 2052 deponat
815 1975 843 2027 et
856 1961 1073 2025 verecundiam.

201 2081 273 2148 139.
289 2064 332 2127 D.
357 2066 403 2126 καί
416 2065 582 2152 προαίρεσιν]
608 2064 717 2150 Vulgo
734 2064 748 2150 ἢ
767 2063 814 2144 καί
826 2063 1000 2151 προαίρεσιν·
1024 2059 1110 2148 quod
1125 2060 1182 2126 de·

154 2163 249 2227 betur
264 2164 421 2250 frequenti
439 2167 547 2245 errori,
563 2166 618 2251 qui
640 2165 746 2229 literas
768 2166 801 2230 N
824 2179 857 2229 et
877 2167 910 2228 H
930 2179 962 2228 et
979 2163 1182 2249 permutavit,

154 2276 190 2328 et
203 2263 336 2330 alteram
351 2289 389 2331 ex
402 2268 503 2332 altera
516 2267 666 2355 protulit:
691 2267 731 2331 de
747 2290 812 2354 quo
826 2265 1011 2332 monuimus
1025 2263 1065 2329 ad
1080 2287 1114 2352 p.
1128 2268 1185 2352 96.¹

200 2487 272 2553 139.
288 2470 331 2533 Ι).
354 2472 477 2548 ‘Ostra
495 2473 541 2534 ria
563 2470 665 2557 Βορέαν
687 2471 822 2553 ἐνίκησεν]
851 2467 968 2534 Fabula
982 2469 1014 2532 iu
1027 2468 1183 2555 AEsopicls

154 2568 258 2634 fertur
281 2573 382 2635 Num.
409 2568 576 2636 CCCVII.
602 2570 653 2636 ed.
672 2575 704 2638 J,
722 2570 880 2635 Hudsoni.
916 2571 1090 2655 Sophocles
1112 2593 1183 2634 eam

152 2686 383 2758 argumentum
405 2674 481 2736 fecit
499 2672 758 2759 Epigrammatis,
780 2672 867 2758 quod
890 2672 986 2735 rel'ert
1005 2665 1185 2741 Athenaeua

153 2776 250 2837 XIII.
272 2796 306 2859 p.
322 2777 396 2855 604.
412 2777 437 2838 F
448 2800 455 2837 ε
481 2776 614 2840 versibus
631 2774 751 2838 Graecis
768 2772 902 2859 illigavit
915 2773 1060 2852 Babrius,
1076 2773 1185 2838 citatis

153 2875 253 2939 Suida
275 2877 306 2940 in
329 2899 399 2942 voc.
414 2861 536 2964 Σισίςα,
553 2877 689 2962 indeque
709 2874 815 2940 relatis
830 2875 871 2938 ab
882 2875 1086 2940 eruditiffimo
1099 2879 1181 2964 Tyr-

153 2977 271 3042 whitto
288 2980 319 3042 in
338 2981 464 3046 Differt.
481 2981 520 3045 de
538 2982 651 3046 Babrio
666 3004 698 3067 p.
712 2999 771 3065 23:
792 2993 825 3044 et
839 2979 871 3043 in
888 2981 1042 3067 Syntypoe
1056 2978 1188 3051 Fabulis,

153 3081 194 3144 ab
215 3073 420 3148 emditislimo
442 3083 602 3147 Matthaeo
616 3082 708 3147 editis
723 3083 820 3146 exstat
836 3082 939 3146 Num.
954 3083 1023 3146 LV.
1059 3081 1183 3145 Latinis

154 3182 288 3245 versibus
309 3182 447 3247 reddidit
467 3185 609 3249 Avienus
635 3184 709 3247 Fab.
734 3185 791 3248 IV.
830 3184 867 3245 In
888 3205 921 3246 re
943 3181 1028 3246 haud
1047 3181 1182 3246 dislimili

152 3283 302 3346 mendam
318 3286 478 3374 suscepisse
491 3286 615 3351 videtur
631 3284 781 3350 Aristides
803 3286 860 3350 Or.
877 3286 971 3349 Sacra
984 3286 1027 3348 V.
1042 3285 1080 3347 T.
1097 3285 1123 3348 I.
1147 3306 1180 3369 p.

151 3402 228 3469 359.
255 3390 267 3446 ὁ
290 3384 387 3471 βορέας
409 3388 555 3472 ἐπαιγίζων
577 3386 707 3459 ἀνίςελλε
727 3387 758 3449 τί
779 3391 815 3460 εἰς
834 3384 955 3449 τούπίσω
977 3383 1022 3463 κα)
1042 3387 1182 3470 παρεῖχεν

151 3485 252 3569 ἱδρῶτα
276 3489 421 3567 saepes-ir
444 3486 557 3551 ίσον-.
594 3486 750 3549 Centeme
778 3485 883 3563 vertit,
910 3482 1187 3552 nam-innantem,

151 3584 263 3648 Boreas
285 3589 412 3651 reditum
436 3589 614 3674 defenderet,
639 3611 674 3650 ac
694 3586 854 3650 maximum
874 3587 1013 3649 excitaret
1021 3586 1180 3672 sudorem:

152 3687 304 3753 articulus
326 3693 369 3769 τὸ,
387 3705 420 3755 et
443 3689 508 3777 ipsa
529 3689 684 3754 sententia
707 3687 858 3752 desiderat
879 3685 1009 3760 ἇιέςελλε
1022 3689 1054 3750 τὸ
1075 3687 1182 3770 sparsor

152 3793 187 3863 είς
200 3791 321 3855 τέσίσω.

197 3914 268 3980 139.
285 3896 322 3957 Ε.
345 3896 383 3956 '0
402 3894 504 3957 Κάτων
525 3892 694 3978 ἐξέςαλε-]
722 3893 805 3955 Item
820 3904 977 3955 memorat
993 3891 1181 3955 Plutarchus

152 3997 183 4062 in
199 3997 325 4060 Catone
342 3994 423 4081 Maj.
440 3995 568 4058 uberius
591 4011 623 4058 et
642 3995 746 4058 festive
764 4015 798 4081 p.
814 3995 888 4077 346.
905 3992 933 4056 C
947 4018 964 4074 :¹
978 3997 1067 4072 βυλῆς
1082 3991 1180 4071 &Elda-

151 4113 197 4161 λιν
211 4097 370 4160 ὑπατεύσειν
385 4095 501 4173 ἐπίδοξον
514 4095 578 4158 ὄντα
596 4094 766 4173 Μανίλλιον,
786 4093 825 4157 ὅτι
839 4098 886 4172 τὴν
900 4100 971 4157 edrai
984 4099 1105 4180 γυναῖκα
1117 4101 1185 4177 μεθ’4

153 4198 254 4286 ἡμέραν
269 4198 370 4284 ὁρώσης
386 4203 432 4274 τῆς
446 4201 585 4282 θυγατρὸς
599 4197 791 4277 κατιφίλησιν·
816 4200 890 4281 αὑτῷ
904 4198 925 4258 δ’
940 4194 986 4280 ἔφη
1000 4201 1048 4276 τὴν
1061 4200 1182 4282 γυναῖκα

196 4322 283 4366 vot.
299 4320 353 4363 vr.
660 4318 712 4382 31
