2692 4770
302 311 506 376 Arorurn.
522 315 743 380 mcomcn.
757 314 1047 395 unns-caan
1114 322 1190 389 1198

159 475 328 553 θακεύοντας
342 483 368 543 ἐν
383 480 557 567 ἀποχωρήσει
573 481 615 543 sn
629 479 726 570 δίφρων
738 479 896 569 dispescas,
910 481 961 557 Μ»)
972 478 1091 564 γίνοιτο,
1107 477 1190 558 sinn,

159 580 281 642 ἔνταῡθα
295 579 424 661 καθίσας,
440 581 500 647 ὅθεν
514 586 562 647 οὐκ
577 581 632 656 ἷςιν
645 585 841 662 &effecerim
855 578 1050 670 opsosmipp.

203 699 278 764 232.
294 684 330 747 F.
352 682 417 768 cast]
442 683 594 751 AElianus.
612 685 691 750 Ver.
710 684 791 750 Hist.
814 685 860 748 11.
879 695 929 767 15.
951 681 1100 748 eamdem
1123 701 1192 745 rem

159 780 312 862 reserens,
327 806 392 849 non
409 784 521 863 Chios,
537 785 592 850 sed
606 784 832 850 Clazomenios
847 783 937 863 dicit.

203 904 235 969 p.
252 903 326 970 233.
339 889 382 950 A.
407 886 471 973 ιβ’.]
498 886 621 952 Similia
634 887 814 953 Athenaeus
830 887 857 950 1.
871 907 905 972 p.
914 901 969 972 32,
979 901 1041 970 532
1065 881 1119 948 cui
1132 881 1192 946 ad·
1213 958 1221 974 ·

159 981 308 1051 hibentur
320 989 464 1076 Toupius
478 990 616 1055 Emend.
632 990 722 1056 Suid.
737 991 765 1054 1.
781 1013 815 1078 p.
829 990 884 1077 38.

202 1104 277 1172 233.
295 1088 335 1153 Α.
358 1088 426 1176 ns]
451 1088 510 1155 Nil
528 1091 586 1178 2οῇ
597 1116 659 1157 vox
673 1117 724 1156 es:
747 1090 903 1179 proverbii
918 1089 980 1154 vim
996 1088 1105 1153 habet.
1139 1084 1193 1152 Sic

159 1187 340 1256 Menander
351 1192 392 1258 de
407 1193 533 1258 senibus
547 1194 633 1281 apud
647 1196 813 1260 Stoboeum
830 1193 914 1258 Flor.
930 1192 1035 1258 CXV.
1052 1211 1088 1278 p.
1103 1205 1168 1274 590
1181 1213 1190 1252 2

156 1289 196 1354 Ti
209 1292 231 1353 i*
244 1290 339 1372 ἄλλη
363 1299 433 1374 poni
451 1296 474 1384 ’i
494 1301 564 1361 σκιὰ
584 1296 672 1383 γέρων
689 1298 776 1386 script
800 1295 889 1384 quod
909 1308 947 1360 ut
970 1293 1132 1381 Euripidis
1153 1313 1193 1358 ex

158 1391 348 1482 Melanippa
361 1396 467 1482 posuit
488 1397 622 1463 Grotius
645 1397 796 1486 Florileg.
818 1397 894 1482 478.
917 1412 951 1461 et
972 1395 1004 1459 in
1025 1393 1121 1482 hujus
1143 1392 1192 1457 fn·

157 1491 242 1558 bulae
267 1498 469 1585 Fragmentis
489 1499 626 1565 relatum
650 1501 694 1566 est
718 1502 824 1566 Num.
846 1499 976 1565 XVIII.
1011 1497 1137 1586 Attigit
1158 1496 1191 1561 in

158 1594 294 1683 Adagiis
309 1600 459 1666 Erasmus
472 1623 506 1689 p.
524 1603 618 1669 1622.

200 1718 275 1786 233.
288 1702 331 1766 Α.
347 1703 404 1789 ru]
431 1703 562 1769 Solebat
584 1704 648 1769 hoc
670 1703 815 1770 faffitare
837 1702 1016 1792 Diogenes,
1039 1715 1078 1770 ut
1096 1703 1193 1768 refert

156 1798 323 1889 Diogenes
337 1804 485 1869 Laertius
504 1806 565 1869 VI.
582 1823 643 1891 232
666 1804 761 1893 θέρους
772 1805 824 1888 μὶν
837 1805 880 1869 ssi
899 1805 1008 1888 ψάμμον
1030 1807 1106 1888 ζνςῆς
1127 1808 1191 1868 ἐκυ-

156 1904 280 1982 λινδεῖτο,
293 1912 428 1990 χειμῶνος
443 1906 470 1971 ii
484 1905 645 1993 ἅνδρίοιντας
658 1904 873 1994 κνχιωννσμένυς
886 1903 1096 1995 ποςνολίιμέανν
1110 1930 1191 1970 ποιν-

156 2005 281 2092 2αχᾶθεν
295 2009 560 2073 inaccensum.
595 2010 680 2074 Eum
695 2030 818 2074 morem
840 2008 1024 2095 improbans
1039 2007 1193 2095 fignificat

155 2107 322 2194 Epistetus
336 2110 465 2176 Differt.
480 2111 543 2175 111.
561 2129 609 2177 12.
626 2132 659 2197 p.
672 2131 747 2193 404.
772 2112 831 2177 IV.
842 2131 875 2195 5.
891 2133 924 2198 p.
934 2112 1009 2175 601.
1024 2108 1191 2175 Enchirid.

156 2209 295 2276 XLVII.
331 2211 399 2300 Qui
421 2234 486 2277 non
507 2213 665 2278 haberent
685 2212 941 2292 comitatorem,
955 2213 1130 2278 utebantur
1150 2211 1191 2276 si-

155 2308 321 2376 mulacro:
345 2327 383 2378 nt
403 2314 447 2377 est
467 2312 554 2399 apud
579 2312 745 2377 Platonem
766 2314 848 2400 Leg.
870 2313 966 2380 VIII.
988 2335 1023 2400 p.
1041 2313 1117 2398 643.
1139 2310 1189 2378 C:

155 2410 210 2474 ciri
223 2439 266 2488 τις
280 2417 343 2495 ἡμῖν
356 2413 495 2479 cunisam
509 2413 706 2498 ονγῖομναςῶν
721 2412 822 2500 ἀπορία
841 2410 960 2492 πλέον,
976 2410 1019 2499 ἆρ’
1032 2410 1066 2476 ἄν
1081 2411 1190 2477 δείσαν-

155 2539 200 2589 τος
218 2517 265 2578 τὸν
283 2523 337 2578 τῶν
354 2516 472 2594 ἀνοήτων
492 2514 621 2599 quma,
641 2517 690 2578 οὐκ
707 2511 742 2578 civ
760 2516 920 2596 ἑτοηιῶμον
933 2514 1126 2599 κρεμάννοντος
1148 2513 1189 2578 ri·

155 2617 241 2679 δωλον
264 2613 379 2702 ἄψυχον
405 2615 589 2700 γομνᾶζεθαρ
615 2616 687 2702 πρὸς
716 2613 804 2691 226263
845 2615 1027 2680 Uteba'ntur
1048 2612 1133 2679 hanc
1154 2613 1189 2680 in

155 2738 223 2781 rem
246 2738 375 2804 quoque
389 2716 489 2804 palis:
513 2739 577 2803 qua
597 2716 630 2781 in
652 2739 687 2782 re
701 2715 852 2781 mulieres
866 2716 1073 2804 reprehendit
1089 2718 1189 2784 Juve-

155 2818 235 2882 nalis
250 2821 317 2884 Sat.
326 2821 387 2884 VI.
401 2820 480 2900 2462
493 2818 673 2905 joemineum
686 2842 810 2896 ceroma,
828 2818 904 2904 Quis
917 2819 1006 2906 nescit
1017 2816 1110 2885 fuel
1122 2818 1190 2907 quis
1260 2888 1266 2895 ,

153 2943 212 2985 non
236 2920 316 2984 vidit
336 2919 465 2984 onlnem
486 2919 581 3008 pali?
602 2933 636 2986 et
658 2922 741 3005 267:
765 2920 884 3008 quondo
902 2921 951 2983 ad.
961 2920 1068 3008 polum
1085 2933 1189 3009 genios

152 3046 228 3087 uxor
249 3021 379 3111 Asyla?
407 3024 482 3087 Hoc
499 3038 609 3088 autem
629 3020 850 3111 ωεριλαμέάνον
875 3018 1030 3110 signifieat
1051 3023 1188 3089 alterum

152 3146 257 3212 genus
281 3124 389 3204 iustae,
414 3124 502 3212 quod
519 3123 632 3210 stando
657 3139 691 3189 et
716 3123 925 3212 complodendo
947 3125 1189 3206 conficiebatur,

154 3249 219 3290 non
242 3225 392 3307 alterum,
408 3226 496 3313 quod
518 3227 560 3290 ab
573 3225 754 3290 adversariis
772 3226 865 3291 humi
881 3225 996 3291 volutis
1010 3228 1188 3314 perageba-

83 3348 88 3359 ·
152 3343 225 3393 tur:
249 3329 335 3395 unde
351 3328 559 3418 intelligenda
573 3327 617 3392 est
629 3327 861 3414 Epaminondae
876 3327 1075 3392 consuetudo
1089 3327 1188 3416 prod·

151 3430 197 3495 ita
219 3430 371 3496 Cornelio
395 3429 519 3518 Nepoti
545 3431 659 3517 Epam.
677 3448 713 3497 22
741 3428 1125 3511 exercebatur-lutiam,
1147 3431 1192 3495 od

151 3558 217 3597 cum
227 3533 327 3621 finem
341 3532 440 3619 qrcood
448 3532 542 3619 stans
552 3530 699 3618 complesti
717 3533 818 3620 pofflt,
832 3542 921 3617 atque
934 3531 1117 3599 contendere.
1151 3533 1190 3597 In

152 3657 288 3722 eamque
302 3633 492 3701 sententiam
505 3632 650 3720 exposuit
661 3634 694 3699 J.
710 3635 746 3698 F.
761 3629 953 3698 Gronovius.

196 3755 269 3824 233.
284 3738 328 3801 A.
350 3736 407 3822 n'.]
433 3737 529 3800 Forte
549 3733 664 3799 incidit
678 3733 741 3800 hoc
758 3733 879 3799 fastum
898 3732 933 3798 in
951 3755 1003 3800 res
1017 3731 1190 3824 Cleonymi

151 3839 310 3925 Spartani,
333 3841 390 3927 qui
419 3839 503 3905 male
525 3837 671 3905 tractavit
691 3837 956 3925 Metapontinos:
987 3850 1027 3903 ut
1047 3837 1192 3924 prodidit

152 3940 317 4007 Diodorus
332 3942 397 4007 Sic.
412 3944 457 4007 X.
476 3961 550 4024 104.

174 4044 317 4130 '233·B.
340 4043 400 4130 2ς’.]
425 4042 631 4132 κρητιὸέμονος,
645 4037 785 4127 ἰοψβθω,
797 4040 837 4127 st
845 4037 995 4127 fulciens.
1030 4039 1190 4143 Prqverbii

151 4144 246 4209 instar
260 4144 349 4210 fuisse
362 4146 498 4226 videtur,
509 4144 598 4232 stans
613 4144 689 4232 pede
703 4142 735 4206 in
747 4166 827 4208 uno:
849 4164 913 4208 non
928 4139 1075 4207 omissum
1094 4143 1186 4208 Eras-

153 4266 208 4320 rno
229 4245 339 4335 Adag.
360 4269 394 4336 p.
409 4266 487 4334 311.
508 4245 601 4315 utin
620 4243 750 4313 Horatii
770 4245 840 4313 Sat.
861 4243 890 4310 1.
906 4261 941 4327 4.
959 4262 1012 4310 ιο.
1044 4242 1188 4335 megum
