<?xml version="1.0" encoding="UTF-8"?>
<!DOCTYPE html PUBLIC "-//W3C//DTD XHTML 1.0 Transitional//EN"
    "http://www.w3.org/TR/xhtml1/DTD/xhtml1-transitional.dtd">
<html xmlns="http://www.w3.org/1999/xhtml" xml:lang="en" lang="en">
 <head>
  <title>
</title>
<meta http-equiv="Content-Type" content="text/html;charset=utf-8" />
  <meta name='ocr-system' content='tesseract 3.04.00' />
  <meta name='ocr-capabilities' content='ocr_page ocr_carea ocr_par ocr_line ocrx_word'/>
</head>
<body>
  <div class='ocr_page' id='page_1' title='image "./plutarchichaero01plutgoog_0014.png"; bbox 0 0 2692 4770; ppageno 0'>
   <div class='ocr_carea' id='block_1_1' title="bbox 296 361 1173 439">
    <p class='ocr_par' dir='ltr' id='par_1_1' title="bbox 296 361 1173 439">
     <span class='ocr_line' id='line_1_1' title="bbox 296 361 1173 439; baseline -0.006 -14"><span class='ocrx_word' id='word_1_1' title='bbox 296 366 350 425; x_wconf 84' lang='lat' dir='ltr'>DE</span> <span class='ocrx_word' id='word_1_2' title='bbox 362 365 477 425; x_wconf 81' lang='lat' dir='ltr'><strong>SENT.</strong></span> <span class='ocrx_word' id='word_1_3' title='bbox 491 363 698 424; x_wconf 81' lang='lat' dir='ltr'><strong>PROFECTU</strong></span> <span class='ocrx_word' id='word_1_4' title='bbox 711 363 760 422; x_wconf 89' lang='lat' dir='ltr'>IN</span> <span class='ocrx_word' id='word_1_5' title='bbox 772 362 879 422; x_wconf 84' lang='lat' dir='ltr'>v1uT.</span> <span class='ocrx_word' id='word_1_6' title='bbox 891 369 975 439; x_wconf 79' lang='lat' dir='ltr'><strong>p.75.</strong></span> <span class='ocrx_word' id='word_1_7' title='bbox 984 361 1023 420; x_wconf 90' lang='lat' dir='ltr'>D.</span> <span class='ocrx_word' id='word_1_8' title='bbox 1116 369 1173 420; x_wconf 75' lang='lat'>5⁵⁵</span> 
     </span>
    </p>
   </div>
   <div class='ocr_carea' id='block_1_2' title="bbox 151 521 1191 4358">
    <p class='ocr_par' dir='ltr' id='par_1_2' title="bbox 164 521 1176 819">
     <span class='ocr_line' id='line_1_2' title="bbox 164 521 1175 614; baseline -0.004 -23"><span class='ocrx_word' id='word_1_9' title='bbox 164 530 222 612; x_wconf 82' lang='lat' dir='ltr'>sne</span> <span class='ocrx_word' id='word_1_10' title='bbox 237 527 333 593; x_wconf 76' lang='lat' dir='ltr'>latore.</span> <span class='ocrx_word' id='word_1_11' title='bbox 370 526 472 592; x_wconf 86' lang='lat' dir='ltr'>Aliud</span> <span class='ocrx_word' id='word_1_12' title='bbox 496 528 539 592; x_wconf 91' lang='lat' dir='ltr'>est</span> <span class='ocrx_word' id='word_1_13' title='bbox 559 528 661 614; x_wconf 68' lang='grc' dir='ltr'><strong><em>ἀκαρὲς</em></strong></span> <span class='ocrx_word' id='word_1_14' title='bbox 686 526 718 590; x_wconf 91' lang='lat' dir='ltr'>in</span> <span class='ocrx_word' id='word_1_15' title='bbox 742 524 961 602; x_wconf 83' lang='lat' dir='ltr'>Nominativo,</span> <span class='ocrx_word' id='word_1_16' title='bbox 983 535 1016 587; x_wconf 90' lang='lat' dir='ltr'>et</span> <span class='ocrx_word' id='word_1_17' title='bbox 1033 521 1175 587; x_wconf 88' lang='lat' dir='ltr'>Accusa-</span> 
     </span>
     <span class='ocr_line' id='line_1_3' title="bbox 174 624 1176 716; baseline -0.007 -23"><span class='ocrx_word' id='word_1_18' title='bbox 174 631 236 709; x_wconf 82' lang='grc' dir='ltr'><strong><em>οὶοο,</em></strong></span> <span class='ocrx_word' id='word_1_19' title='bbox 260 630 436 716; x_wconf 85' lang='lat' dir='ltr'>paululum,</span> <span class='ocrx_word' id='word_1_20' title='bbox 463 644 666 693; x_wconf 84' lang='lat' dir='ltr'>momentum</span> <span class='ocrx_word' id='word_1_21' title='bbox 687 626 840 712; x_wconf 88' lang='lat' dir='ltr'>temporis</span> <span class='ocrx_word' id='word_1_22' title='bbox 867 625 1050 702; x_wconf 90' lang='lat' dir='ltr'>minimum,</span> <span class='ocrx_word' id='word_1_23' title='bbox 1079 624 1176 710; x_wconf 87' lang='lat' dir='ltr'>idque</span> 
     </span>
     <span class='ocr_line' id='line_1_4' title="bbox 174 729 1028 819; baseline -0.006 -23"><span class='ocrx_word' id='word_1_24' title='bbox 174 733 317 798; x_wconf 82' lang='lat' dir='ltr'>Plutarcho</span> <span class='ocrx_word' id='word_1_25' title='bbox 332 734 405 797; x_wconf 87' lang='lat' dir='ltr'>satis</span> <span class='ocrx_word' id='word_1_26' title='bbox 420 734 590 819; x_wconf 82' lang='lat' dir='ltr'>frequens:</span> <span class='ocrx_word' id='word_1_27' title='bbox 615 732 654 796; x_wconf 90' lang='lat' dir='ltr'>de</span> <span class='ocrx_word' id='word_1_28' title='bbox 668 754 732 818; x_wconf 91' lang='lat' dir='ltr'>quo</span> <span class='ocrx_word' id='word_1_29' title='bbox 747 731 822 796; x_wconf 89' lang='lat' dir='ltr'>alibi</span> <span class='ocrx_word' id='word_1_30' title='bbox 836 729 1028 794; x_wconf 81' lang='lat' dir='ltr'>notabimus.</span> 
     </span>
    </p>

    <p class='ocr_par' dir='ltr' id='par_1_3' title="bbox 208 831 1176 922">
     <span class='ocr_line' id='line_1_5' title="bbox 208 831 1176 922; baseline -0.01 -22"><span class='ocrx_word' id='word_1_31' title='bbox 208 852 250 918; x_wconf 82' lang='lat'>75.</span> <span class='ocrx_word' id='word_1_32' title='bbox 263 837 302 899; x_wconf 90' lang='lat' dir='ltr'>D.</span> <span class='ocrx_word' id='word_1_33' title='bbox 324 834 655 922; x_wconf 57' lang='lat' dir='ltr'>septemtrionalem]</span> <span class='ocrx_word' id='word_1_34' title='bbox 681 833 732 896; x_wconf 87' lang='lat' dir='ltr'>De</span> <span class='ocrx_word' id='word_1_35' title='bbox 748 831 847 896; x_wconf 84' lang='lat' dir='ltr'>Stoic.</span> <span class='ocrx_word' id='word_1_36' title='bbox 865 835 1012 916; x_wconf 85' lang='lat' dir='ltr'>Repugn.</span> <span class='ocrx_word' id='word_1_37' title='bbox 1030 850 1063 913; x_wconf 92' lang='lat' dir='ltr'>p.</span> <span class='ocrx_word' id='word_1_38' title='bbox 1082 845 1176 909; x_wconf 81' lang='lat'><strong>1042.</strong></span> 
     </span>
    </p>

    <p class='ocr_par' dir='ltr' id='par_1_4' title="bbox 169 932 1177 1024">
     <span class='ocr_line' id='line_1_6' title="bbox 169 932 1177 1024; baseline -0.009 -23"><span class='ocrx_word' id='word_1_39' title='bbox 169 938 203 1000; x_wconf 81' lang='grc' dir='ltr'>Ε.</span> <span class='ocrx_word' id='word_1_40' title='bbox 216 940 268 1024; x_wconf 80' lang='lat' dir='ltr'>seq.</span> <span class='ocrx_word' id='word_1_41' title='bbox 280 943 410 1023; x_wconf 66' lang='grc' dir='ltr'>Τᾶγαθᾶ</span> <span class='ocrx_word' id='word_1_42' title='bbox 431 939 503 1024; x_wconf 72' lang='grc' dir='ltr'>πρὸς</span> <span class='ocrx_word' id='word_1_43' title='bbox 524 941 562 1000; x_wconf 88' lang='grc' dir='ltr'>τοὶ</span> <span class='ocrx_word' id='word_1_44' title='bbox 584 941 660 999; x_wconf 76' lang='grc' dir='ltr'><strong><em>κακοὶ</em></strong></span> <span class='ocrx_word' id='word_1_45' title='bbox 680 939 728 1013; x_wconf 78' lang='grc' dir='ltr'>τὴν</span> <span class='ocrx_word' id='word_1_46' title='bbox 748 941 850 998; x_wconf 66' lang='lat' dir='ltr'>micus</span> <span class='ocrx_word' id='word_1_47' title='bbox 870 932 942 1018; x_wconf 73' lang='grc' dir='ltr'><strong><em>’ἔχειν</em></strong></span> <span class='ocrx_word' id='word_1_48' title='bbox 955 936 1094 1018; x_wconf 66' lang='grc' dir='ltr'><strong><em>διαφορὰν,</em></strong></span> <span class='ocrx_word' id='word_1_49' title='bbox 1110 937 1177 1013; x_wconf 76' lang='grc' dir='ltr'><strong><em>ὄμο-</em></strong></span> 
     </span>
    </p>

    <p class='ocr_par' dir='ltr' id='par_1_5' title="bbox 168 1034 1179 1125">
     <span class='ocr_line' id='line_1_7' title="bbox 168 1034 1179 1125; baseline -0.003 -26"><span class='ocrx_word' id='word_1_50' title='bbox 168 1043 237 1120; x_wconf 61' lang='grc' dir='ltr'><strong><em>λνχοῖ</em></strong></span> <span class='ocrx_word' id='word_1_51' title='bbox 252 1040 575 1125; x_wconf 40' lang='lat' dir='ltr'>&amp;smarnos—affin&amp;</span> <span class='ocrx_word' id='word_1_52' title='bbox 596 1035 698 1117; x_wconf 70' lang='grc' dir='ltr'><strong><em>δὀῐνον</em></strong></span> <span class='ocrx_word' id='word_1_53' title='bbox 718 1039 839 1120; x_wconf 67' lang='grc' dir='ltr'><strong><em>τάγαθὰ</em></strong></span> <span class='ocrx_word' id='word_1_54' title='bbox 857 1035 879 1118; x_wconf 60' lang='grc' dir='ltr'>οὲ</span> <span class='ocrx_word' id='word_1_55' title='bbox 900 1038 937 1096; x_wconf 77' lang='grc' dir='ltr'>τὰ</span> <span class='ocrx_word' id='word_1_56' title='bbox 955 1038 1042 1112; x_wconf 79' lang='grc' dir='ltr'><strong><em>κακοὶ,</em></strong></span> <span class='ocrx_word' id='word_1_57' title='bbox 1058 1034 1137 1114; x_wconf 73' lang='grc' dir='ltr'><strong><em>φησὶν</em></strong></span> <span class='ocrx_word' id='word_1_58' title='bbox 1152 1036 1179 1096; x_wconf 77' lang='grc' dir='ltr'>ἓν</span> 
     </span>
    </p>

    <p class='ocr_par' dir='ltr' id='par_1_6' title="bbox 151 1134 1191 4358">
     <span class='ocr_line' id='line_1_8' title="bbox 166 1134 1177 1229; baseline -0.004 -28"><span class='ocrx_word' id='word_1_59' title='bbox 166 1145 201 1221; x_wconf 77' lang='grc' dir='ltr'>τῷ</span> <span class='ocrx_word' id='word_1_60' title='bbox 217 1140 328 1229; x_wconf 63' lang='grc' dir='ltr'>προτέρῳ</span> <span class='ocrx_word' id='word_1_61' title='bbox 348 1141 418 1226; x_wconf 68' lang='grc' dir='ltr'>περὶ</span> <span class='ocrx_word' id='word_1_62' title='bbox 439 1137 617 1212; x_wconf 63' lang='lat' dir='ltr'>rinus—irs</span> <span class='ocrx_word' id='word_1_63' title='bbox 637 1138 665 1199; x_wconf 71' lang='grc' dir='ltr'>δὲ</span> <span class='ocrx_word' id='word_1_64' title='bbox 682 1137 810 1221; x_wconf 53' lang='grc' dir='ltr'>μάχεται</span> <span class='ocrx_word' id='word_1_65' title='bbox 831 1134 971 1219; x_wconf 67' lang='grc' dir='ltr'>τοῖςπερὶ</span> <span class='ocrx_word' id='word_1_66' title='bbox 988 1136 1177 1211; x_wconf 59' lang='lat' dir='ltr'>visitantum·</span> 
     </span>
     <span class='ocr_line' id='line_1_9' title="bbox 163 1233 1178 1324; baseline -0.004 -22"><span class='ocrx_word' id='word_1_67' title='bbox 163 1240 226 1303; x_wconf 65' lang='grc' dir='ltr'>θέτα</span> <span class='ocrx_word' id='word_1_68' title='bbox 239 1245 325 1323; x_wconf 72' lang='grc' dir='ltr'><strong><em>σοφὸν,</em></strong></span> <span class='ocrx_word' id='word_1_69' title='bbox 340 1242 383 1315; x_wconf 68' lang='grc' dir='ltr'>τίς</span> <span class='ocrx_word' id='word_1_70' title='bbox 399 1243 435 1303; x_wconf 71' lang='grc' dir='ltr'>ἐκ</span> <span class='ocrx_word' id='word_1_71' title='bbox 449 1238 482 1304; x_wconf 84' lang='grc' dir='ltr'>οἲν</span> <span class='ocrx_word' id='word_1_72' title='bbox 503 1240 710 1324; x_wconf 75' lang='grc' dir='ltr'><strong><em>ὁμολογήσειον;</em></strong></span> <span class='ocrx_word' id='word_1_73' title='bbox 733 1241 852 1313; x_wconf 57' lang='lat' dir='ltr'>Affinis</span> <span class='ocrx_word' id='word_1_74' title='bbox 869 1240 929 1321; x_wconf 70' lang='grc' dir='ltr'>γὰρ</span> <span class='ocrx_word' id='word_1_75' title='bbox 943 1233 1015 1308; x_wconf 75' lang='grc' dir='ltr'><strong><em>ὄντος</em></strong></span> <span class='ocrx_word' id='word_1_76' title='bbox 1031 1243 1079 1297; x_wconf 82' lang='grc' dir='ltr'>τοῦ</span> <span class='ocrx_word' id='word_1_77' title='bbox 1100 1241 1178 1320; x_wconf 77' lang='grc' dir='ltr'><em>ἀγα·</em></span> 
     </span>
     <span class='ocr_line' id='line_1_10' title="bbox 161 1337 1179 1429; baseline -0.003 -25"><span class='ocrx_word' id='word_1_78' title='bbox 161 1347 216 1419; x_wconf 70' lang='lat' dir='ltr'>aa,</span> <span class='ocrx_word' id='word_1_79' title='bbox 233 1342 276 1421; x_wconf 67' lang='lat' dir='ltr'>xo)</span> <span class='ocrx_word' id='word_1_80' title='bbox 294 1344 423 1428; x_wconf 74' lang='grc' dir='ltr'><strong><em>μεγάλην</em></strong></span> <span class='ocrx_word' id='word_1_81' title='bbox 442 1344 513 1429; x_wconf 73' lang='grc' dir='ltr'>πρὸς</span> <span class='ocrx_word' id='word_1_82' title='bbox 533 1343 565 1405; x_wconf 73' lang='grc' dir='ltr'>τὸ</span> <span class='ocrx_word' id='word_1_83' title='bbox 588 1343 673 1404; x_wconf 76' lang='grc' dir='ltr'><strong><em>κακὸν</em></strong></span> <span class='ocrx_word' id='word_1_84' title='bbox 691 1343 817 1426; x_wconf 75' lang='grc' dir='ltr'>διαφορὰν</span> <span class='ocrx_word' id='word_1_85' title='bbox 831 1337 952 1423; x_wconf 73' lang='grc' dir='ltr'><strong><em>ἔχοντος,</em></strong></span> <span class='ocrx_word' id='word_1_86' title='bbox 970 1340 1016 1400; x_wconf 76' lang='grc' dir='ltr'>τὸν</span> <span class='ocrx_word' id='word_1_87' title='bbox 1029 1342 1060 1400; x_wconf 79' lang='lat' dir='ltr'>ix</span> <span class='ocrx_word' id='word_1_88' title='bbox 1074 1338 1179 1419; x_wconf 74' lang='grc' dir='ltr'><strong><em>φαύλου</em></strong></span> 
     </span>
     <span class='ocr_line' id='line_1_11' title="bbox 159 1439 1180 1529; baseline -0.002 -24"><span class='ocrx_word' id='word_1_89' title='bbox 159 1444 284 1526; x_wconf 60' lang='grc' dir='ltr'><strong><em>γινόμενον</em></strong></span> <span class='ocrx_word' id='word_1_90' title='bbox 307 1449 451 1509; x_wconf 75' lang='grc' dir='ltr'><strong><em>σπουδαῖον</em></strong></span> <span class='ocrx_word' id='word_1_91' title='bbox 472 1450 577 1528; x_wconf 73' lang='grc' dir='ltr'><strong><em>ἀγνοεῖν</em></strong></span> <span class='ocrx_word' id='word_1_92' title='bbox 598 1452 688 1523; x_wconf 80' lang='grc' dir='ltr'><strong><em>τοῦτο,</em></strong></span> <span class='ocrx_word' id='word_1_93' title='bbox 710 1442 756 1523; x_wconf 63' lang='grc' dir='ltr'>καὶ</span> <span class='ocrx_word' id='word_1_94' title='bbox 777 1448 824 1519; x_wconf 82' lang='grc' dir='ltr'>τῆς</span> <span class='ocrx_word' id='word_1_95' title='bbox 841 1447 936 1529; x_wconf 61' lang='lat' dir='ltr'>&amp;peric</span> <span class='ocrx_word' id='word_1_96' title='bbox 957 1444 995 1523; x_wconf 74' lang='grc' dir='ltr'>μὴ</span> <span class='ocrx_word' id='word_1_97' title='bbox 1017 1439 1180 1519; x_wconf 46' lang='lat' dir='ltr'>aldoin&amp;</span> 
     </span>
     <span class='ocr_line' id='line_1_12' title="bbox 157 1541 1180 1631; baseline -0.002 -26"><span class='ocrx_word' id='word_1_98' title='bbox 157 1545 284 1631; x_wconf 61' lang='lat' dir='ltr'>supinae,</span> <span class='ocrx_word' id='word_1_99' title='bbox 310 1548 379 1609; x_wconf 71' lang='grc' dir='ltr'>ἀλλ’</span> <span class='ocrx_word' id='word_1_100' title='bbox 405 1544 499 1625; x_wconf 58' lang='grc' dir='ltr'>οἷοῶη</span> <span class='ocrx_word' id='word_1_101' title='bbox 520 1549 567 1622; x_wconf 75' lang='grc' dir='ltr'>τὴν</span> <span class='ocrx_word' id='word_1_102' title='bbox 589 1545 690 1610; x_wconf 67' lang='grc' dir='ltr'><strong><em>κακίαν</em></strong></span> <span class='ocrx_word' id='word_1_103' title='bbox 711 1550 786 1629; x_wconf 79' lang='grc' dir='ltr'>αὐτῷ</span> <span class='ocrx_word' id='word_1_104' title='bbox 806 1549 946 1630; x_wconf 68' lang='lat' dir='ltr'>wapsiroq,</span> <span class='ocrx_word' id='word_1_105' title='bbox 968 1550 1032 1615; x_wconf 70' lang='grc' dir='ltr'>πῶς</span> <span class='ocrx_word' id='word_1_106' title='bbox 1054 1545 1101 1603; x_wconf 79' lang='grc' dir='ltr'>οὐκ</span> <span class='ocrx_word' id='word_1_107' title='bbox 1126 1541 1180 1613; x_wconf 61' lang='lat' dir='ltr'>iem</span> 
     </span>
     <span class='ocr_line' id='line_1_13' title="bbox 156 1641 1179 1730; baseline -0.002 -23"><span class='ocrx_word' id='word_1_108' title='bbox 156 1646 347 1709; x_wconf 70' lang='grc' dir='ltr'><strong><em>ἂτοπώτατονε</em></strong></span> <span class='ocrx_word' id='word_1_109' title='bbox 381 1645 468 1709; x_wconf 88' lang='lat' dir='ltr'>idem</span> <span class='ocrx_word' id='word_1_110' title='bbox 492 1645 646 1730; x_wconf 89' lang='lat' dir='ltr'>placitum</span> <span class='ocrx_word' id='word_1_111' title='bbox 676 1645 855 1709; x_wconf 88' lang='lat' dir='ltr'>Stoicorum</span> <span class='ocrx_word' id='word_1_112' title='bbox 880 1644 1066 1706; x_wconf 87' lang='lat' dir='ltr'>confutatur</span> <span class='ocrx_word' id='word_1_113' title='bbox 1094 1641 1179 1705; x_wconf 87' lang='lat' dir='ltr'>Adv.</span> 
     </span>
     <span class='ocr_line' id='line_1_14' title="bbox 156 1745 1179 1833; baseline -0.001 -24"><span class='ocrx_word' id='word_1_114' title='bbox 156 1747 251 1811; x_wconf 90' lang='lat' dir='ltr'>Stoic.</span> <span class='ocrx_word' id='word_1_115' title='bbox 266 1770 299 1833; x_wconf 90' lang='lat' dir='ltr'>p.</span> <span class='ocrx_word' id='word_1_116' title='bbox 316 1751 409 1813; x_wconf 86' lang='lat'><strong>1062.</strong></span> <span class='ocrx_word' id='word_1_117' title='bbox 425 1749 464 1811; x_wconf 91' lang='lat' dir='ltr'>B.</span> <span class='ocrx_word' id='word_1_118' title='bbox 477 1747 517 1810; x_wconf 93' lang='lat' dir='ltr'>C.</span> <span class='ocrx_word' id='word_1_119' title='bbox 531 1750 569 1810; x_wconf 86' lang='lat' dir='ltr'>E.</span> <span class='ocrx_word' id='word_1_120' title='bbox 595 1747 688 1830; x_wconf 88' lang='lat'>1067.</span> <span class='ocrx_word' id='word_1_121' title='bbox 702 1749 741 1811; x_wconf 91' lang='lat' dir='ltr'>B.</span> <span class='ocrx_word' id='word_1_122' title='bbox 771 1746 894 1833; x_wconf 85' lang='lat' dir='ltr'>Attigit</span> <span class='ocrx_word' id='word_1_123' title='bbox 907 1758 941 1809; x_wconf 91' lang='lat' dir='ltr'>et</span> <span class='ocrx_word' id='word_1_124' title='bbox 955 1746 1100 1809; x_wconf 85' lang='lat' dir='ltr'>Stobaeus</span> <span class='ocrx_word' id='word_1_125' title='bbox 1114 1745 1179 1808; x_wconf 88' lang='lat' dir='ltr'>Ec·</span> 
     </span>
     <span class='ocr_line' id='line_1_15' title="bbox 154 1844 1181 1933; baseline 0 -24"><span class='ocrx_word' id='word_1_126' title='bbox 154 1846 219 1932; x_wconf 84' lang='lat' dir='ltr'>log.</span> <span class='ocrx_word' id='word_1_127' title='bbox 241 1849 317 1912; x_wconf 85' lang='lat' dir='ltr'>Etb.</span> <span class='ocrx_word' id='word_1_128' title='bbox 339 1870 372 1933; x_wconf 87' lang='lat' dir='ltr'>p.</span> <span class='ocrx_word' id='word_1_129' title='bbox 391 1849 463 1932; x_wconf 85' lang='lat'><strong>183.</strong></span> <span class='ocrx_word' id='word_1_130' title='bbox 486 1847 570 1926; x_wconf 91' lang='lat' dir='ltr'>loco,</span> <span class='ocrx_word' id='word_1_131' title='bbox 592 1859 629 1909; x_wconf 91' lang='lat' dir='ltr'>ut</span> <span class='ocrx_word' id='word_1_132' title='bbox 649 1846 784 1925; x_wconf 84' lang='lat' dir='ltr'>videtur,</span> <span class='ocrx_word' id='word_1_133' title='bbox 807 1857 970 1932; x_wconf 88' lang='lat' dir='ltr'>corrupto,</span> <span class='ocrx_word' id='word_1_134' title='bbox 993 1868 1052 1910; x_wconf 90' lang='lat' dir='ltr'>nec</span> <span class='ocrx_word' id='word_1_135' title='bbox 1072 1844 1181 1909; x_wconf 90' lang='lat' dir='ltr'>sanato</span> 
     </span>
     <span class='ocr_line' id='line_1_16' title="bbox 153 1945 1180 2035; baseline 0 -25"><span class='ocrx_word' id='word_1_136' title='bbox 153 1947 185 2010; x_wconf 91' lang='lat' dir='ltr'>in</span> <span class='ocrx_word' id='word_1_137' title='bbox 200 1949 353 2013; x_wconf 89' lang='lat' dir='ltr'>Heerenii</span> <span class='ocrx_word' id='word_1_138' title='bbox 367 1948 508 2013; x_wconf 84' lang='lat' dir='ltr'>editione</span> <span class='ocrx_word' id='word_1_139' title='bbox 529 1971 562 2035; x_wconf 93' lang='lat' dir='ltr'>p.</span> <span class='ocrx_word' id='word_1_140' title='bbox 576 1967 648 2033; x_wconf 86' lang='lat'><strong>234.</strong></span> <span class='ocrx_word' id='word_1_141' title='bbox 663 1950 774 2035; x_wconf 86' lang='lat' dir='ltr'>etseq.</span> <span class='ocrx_word' id='word_1_142' title='bbox 795 1950 936 2033; x_wconf 69' lang='grc' dir='ltr'>Γίγνεθοο</span> <span class='ocrx_word' id='word_1_143' title='bbox 951 1945 1036 2026; x_wconf 56' lang='grc' dir='ltr'><em>δὲκαὶ</em></span> <span class='ocrx_word' id='word_1_144' title='bbox 1050 1951 1180 2026; x_wconf 74' lang='grc' dir='ltr'><strong>διαλελη-</strong></span> 
     </span>
     <span class='ocr_line' id='line_1_17' title="bbox 151 2046 1181 2136; baseline -0.001 -25"><span class='ocrx_word' id='word_1_145' title='bbox 151 2049 222 2111; x_wconf 69' lang='grc' dir='ltr'>θότοι</span> <span class='ocrx_word' id='word_1_146' title='bbox 235 2056 296 2112; x_wconf 75' lang='grc' dir='ltr'>τινὰ</span> <span class='ocrx_word' id='word_1_147' title='bbox 310 2051 393 2131; x_wconf 70' lang='grc' dir='ltr'><strong><em>σοφὸν</em></strong></span> <span class='ocrx_word' id='word_1_148' title='bbox 413 2049 561 2130; x_wconf 77' lang='grc' dir='ltr'><strong><em>νομίζουσι,</em></strong></span> <span class='ocrx_word' id='word_1_149' title='bbox 581 2053 656 2112; x_wconf 75' lang='grc' dir='ltr'>κατὰ</span> <span class='ocrx_word' id='word_1_150' title='bbox 668 2050 729 2123; x_wconf 82' lang='grc' dir='ltr'><strong><em>τοὺς</em></strong></span> <span class='ocrx_word' id='word_1_151' title='bbox 741 2050 869 2136; x_wconf 68' lang='grc' dir='ltr'>πρώτους</span> <span class='ocrx_word' id='word_1_152' title='bbox 881 2051 994 2135; x_wconf 65' lang='grc' dir='ltr'><strong><em>χρόνος,</em></strong></span> <span class='ocrx_word' id='word_1_153' title='bbox 1010 2046 1070 2110; x_wconf 75' lang='grc' dir='ltr'><strong><em>οὔτε</em></strong></span> <span class='ocrx_word' id='word_1_154' title='bbox 1084 2048 1181 2135; x_wconf 66' lang='grc' dir='ltr'><em>ὄρεγέ·</em></span> 
     </span>
     <span class='ocr_line' id='line_1_18' title="bbox 151 2146 1183 2232; baseline 0.001 -23"><span class='ocrx_word' id='word_1_155' title='bbox 151 2147 228 2229; x_wconf 57' lang='grc' dir='ltr'><strong><em>μενον</em></strong></span> <span class='ocrx_word' id='word_1_156' title='bbox 247 2172 330 2226; x_wconf 80' lang='grc' dir='ltr'><strong><em>τινος,</em></strong></span> <span class='ocrx_word' id='word_1_157' title='bbox 350 2146 411 2211; x_wconf 80' lang='grc' dir='ltr'><strong><em>οὔτε</em></strong></span> <span class='ocrx_word' id='word_1_158' title='bbox 434 2148 545 2230; x_wconf 74' lang='grc' dir='ltr'><strong><em>νομίζειν</em></strong></span> <span class='ocrx_word' id='word_1_159' title='bbox 565 2149 727 2229; x_wconf 66' lang='grc' dir='ltr'><strong><em>βουλόμενον</em></strong></span> <span class='ocrx_word' id='word_1_160' title='bbox 746 2148 771 2210; x_wconf 80' lang='grc' dir='ltr'>ἔν</span> <span class='ocrx_word' id='word_1_161' title='bbox 795 2175 847 2211; x_wconf 75' lang='lat' dir='ltr'>risi</span> <span class='ocrx_word' id='word_1_162' title='bbox 868 2151 914 2211; x_wconf 80' lang='lat' dir='ltr'>ris</span> <span class='ocrx_word' id='word_1_163' title='bbox 936 2153 962 2210; x_wconf 78' lang='grc' dir='ltr'>ἐν</span> <span class='ocrx_word' id='word_1_164' title='bbox 982 2153 1021 2232; x_wconf 79' lang='grc' dir='ltr'>τῷ</span> <span class='ocrx_word' id='word_1_165' title='bbox 1042 2146 1183 2225; x_wconf 55' lang='lat' dir='ltr'>perindorf</span> 
     </span>
     <span class='ocr_line' id='line_1_19' title="bbox 152 2247 1181 2337; baseline 0.004 -27"><span class='ocrx_word' id='word_1_166' title='bbox 152 2251 240 2311; x_wconf 74' lang='grc' dir='ltr'>ἷόικῶν</span> <span class='ocrx_word' id='word_1_167' title='bbox 254 2247 332 2326; x_wconf 75' lang='grc' dir='ltr'><strong><em>ὄντα,</em></strong></span> <span class='ocrx_word' id='word_1_168' title='bbox 348 2251 392 2310; x_wconf 72' lang='lat' dir='ltr'>lael</span> <span class='ocrx_word' id='word_1_169' title='bbox 404 2251 436 2311; x_wconf 76' lang='grc' dir='ltr'>τὸ</span> <span class='ocrx_word' id='word_1_170' title='bbox 449 2252 488 2330; x_wconf 79' lang='grc' dir='ltr'>μὴ</span> <span class='ocrx_word' id='word_1_171' title='bbox 508 2249 601 2336; x_wconf 66' lang='grc' dir='ltr'><strong><em>κρίνειν</em></strong></span> <span class='ocrx_word' id='word_1_172' title='bbox 615 2254 690 2334; x_wconf 76' lang='grc' dir='ltr'>αὐτῷ</span> <span class='ocrx_word' id='word_1_173' title='bbox 708 2256 836 2337; x_wconf 66' lang='lat' dir='ltr'>mageima</span> <span class='ocrx_word' id='word_1_174' title='bbox 857 2248 894 2313; x_wconf 80' lang='grc' dir='ltr'>ὧν</span> <span class='ocrx_word' id='word_1_175' title='bbox 910 2252 989 2335; x_wconf 65' lang='lat' dir='ltr'>xpri:</span> <span class='ocrx_word' id='word_1_176' title='bbox 1014 2251 1084 2314; x_wconf 81' lang='lat' dir='ltr'>haec</span> <span class='ocrx_word' id='word_1_177' title='bbox 1098 2252 1181 2315; x_wconf 84' lang='lat' dir='ltr'>refe·</span> 
     </span>
     <span class='ocr_line' id='line_1_20' title="bbox 151 2348 1181 2436; baseline 0.004 -25"><span class='ocrx_word' id='word_1_178' title='bbox 151 2363 265 2411; x_wconf 90' lang='lat' dir='ltr'>runtur</span> <span class='ocrx_word' id='word_1_179' title='bbox 283 2348 325 2411; x_wconf 91' lang='lat' dir='ltr'>ad</span> <span class='ocrx_word' id='word_1_180' title='bbox 341 2348 525 2434; x_wconf 81' lang='lat' dir='ltr'>sapientem,</span> <span class='ocrx_word' id='word_1_181' title='bbox 541 2349 595 2435; x_wconf 91' lang='lat' dir='ltr'>qui</span> <span class='ocrx_word' id='word_1_182' title='bbox 615 2371 725 2414; x_wconf 86' lang='lat' dir='ltr'>recens</span> <span class='ocrx_word' id='word_1_183' title='bbox 748 2349 931 2436; x_wconf 79' lang='lat' dir='ltr'>sapientiam</span> <span class='ocrx_word' id='word_1_184' title='bbox 950 2350 1097 2435; x_wconf 81' lang='lat' dir='ltr'>adeptus,</span> <span class='ocrx_word' id='word_1_185' title='bbox 1115 2372 1181 2415; x_wconf 91' lang='lat' dir='ltr'>non</span> 
     </span>
     <span class='ocr_line' id='line_1_21' title="bbox 153 2446 1184 2535; baseline 0.004 -23"><span class='ocrx_word' id='word_1_186' title='bbox 153 2448 247 2512; x_wconf 83' lang='lat' dir='ltr'>sentit</span> <span class='ocrx_word' id='word_1_187' title='bbox 261 2447 293 2513; x_wconf 87' lang='lat' dir='ltr'>se</span> <span class='ocrx_word' id='word_1_188' title='bbox 307 2446 368 2512; x_wconf 84' lang='lat' dir='ltr'>elle</span> <span class='ocrx_word' id='word_1_189' title='bbox 384 2446 455 2533; x_wconf 89' lang='lat' dir='ltr'>jam</span> <span class='ocrx_word' id='word_1_190' title='bbox 468 2449 662 2534; x_wconf 87' lang='lat' dir='ltr'>sapientem:</span> <span class='ocrx_word' id='word_1_191' title='bbox 687 2450 791 2513; x_wconf 87' lang='lat' dir='ltr'>media</span> <span class='ocrx_word' id='word_1_192' title='bbox 811 2449 958 2514; x_wconf 69' lang='lat' dir='ltr'>didionis</span> <span class='ocrx_word' id='word_1_193' title='bbox 979 2472 1051 2535; x_wconf 85' lang='lat' dir='ltr'>pars</span> <span class='ocrx_word' id='word_1_194' title='bbox 1068 2452 1184 2516; x_wconf 90' lang='lat' dir='ltr'>habeat</span> 
     </span>
     <span class='ocr_line' id='line_1_22' title="bbox 152 2551 1185 2639; baseline 0.002 -25"><span class='ocrx_word' id='word_1_195' title='bbox 152 2551 368 2636; x_wconf 83' lang='lat' dir='ltr'>corruptelam</span> <span class='ocrx_word' id='word_1_196' title='bbox 392 2552 517 2616; x_wconf 84' lang='lat' dir='ltr'>fortasse</span> <span class='ocrx_word' id='word_1_197' title='bbox 539 2553 582 2617; x_wconf 88' lang='lat' dir='ltr'>ita</span> <span class='ocrx_word' id='word_1_198' title='bbox 600 2552 835 2639; x_wconf 84' lang='lat' dir='ltr'>corrigendam,</span> <span class='ocrx_word' id='word_1_199' title='bbox 855 2567 892 2616; x_wconf 92' lang='lat' dir='ltr'>ut</span> <span class='ocrx_word' id='word_1_200' title='bbox 908 2553 1020 2634; x_wconf 75' lang='grc' dir='ltr'><strong><em>νομίζων</em></strong></span> <span class='ocrx_word' id='word_1_201' title='bbox 1041 2554 1185 2618; x_wconf 86' lang='lat' dir='ltr'>deleatur</span> 
     </span>
     <span class='ocr_line' id='line_1_23' title="bbox 152 2651 1186 2738; baseline 0.004 -25"><span class='ocrx_word' id='word_1_202' title='bbox 152 2664 317 2737; x_wconf 87' lang='lat' dir='ltr'>tamquam</span> <span class='ocrx_word' id='word_1_203' title='bbox 332 2651 374 2714; x_wconf 91' lang='lat' dir='ltr'>ab</span> <span class='ocrx_word' id='word_1_204' title='bbox 386 2653 595 2717; x_wconf 88' lang='lat' dir='ltr'>antecedente</span> <span class='ocrx_word' id='word_1_205' title='bbox 609 2653 733 2735; x_wconf 73' lang='grc' dir='ltr'>νομίζοσι</span> <span class='ocrx_word' id='word_1_206' title='bbox 750 2668 869 2717; x_wconf 88' lang='lat' dir='ltr'>temere</span> <span class='ocrx_word' id='word_1_207' title='bbox 882 2670 1000 2731; x_wconf 91' lang='lat' dir='ltr'>ortum,</span> <span class='ocrx_word' id='word_1_208' title='bbox 1016 2665 1050 2715; x_wconf 88' lang='lat' dir='ltr'>et</span> <span class='ocrx_word' id='word_1_209' title='bbox 1064 2653 1186 2738; x_wconf 90' lang='lat' dir='ltr'>reliqua</span> 
     </span>
     <span class='ocr_line' id='line_1_24' title="bbox 152 2751 1186 2838; baseline 0.002 -24"><span class='ocrx_word' id='word_1_210' title='bbox 152 2751 241 2816; x_wconf 91' lang='lat' dir='ltr'>hunc</span> <span class='ocrx_word' id='word_1_211' title='bbox 256 2752 290 2815; x_wconf 84' lang='lat' dir='ltr'>in</span> <span class='ocrx_word' id='word_1_212' title='bbox 304 2751 440 2816; x_wconf 90' lang='lat' dir='ltr'>modum</span> <span class='ocrx_word' id='word_1_213' title='bbox 453 2753 693 2832; x_wconf 85' lang='lat' dir='ltr'>constituantur,</span> <span class='ocrx_word' id='word_1_214' title='bbox 709 2751 768 2816; x_wconf 77' lang='grc' dir='ltr'><strong><em>οὔτε</em></strong></span> <span class='ocrx_word' id='word_1_215' title='bbox 782 2752 943 2834; x_wconf 74' lang='grc' dir='ltr'><strong><em>βουλόμενον</em></strong></span> <span class='ocrx_word' id='word_1_216' title='bbox 956 2751 982 2814; x_wconf 77' lang='grc' dir='ltr'>ἕν</span> <span class='ocrx_word' id='word_1_217' title='bbox 994 2777 1022 2814; x_wconf 84' lang='grc' dir='ltr'>το</span> <span class='ocrx_word' id='word_1_218' title='bbox 1035 2760 1089 2816; x_wconf 76' lang='grc' dir='ltr'>τῶν</span> <span class='ocrx_word' id='word_1_219' title='bbox 1106 2757 1132 2816; x_wconf 74' lang='grc' dir='ltr'>ἓν</span> <span class='ocrx_word' id='word_1_220' title='bbox 1145 2759 1186 2838; x_wconf 78' lang='grc' dir='ltr'>τῷ</span> 
     </span>
     <span class='ocr_line' id='line_1_25' title="bbox 152 2850 1185 2942; baseline 0.006 -29"><span class='ocrx_word' id='word_1_221' title='bbox 152 2850 284 2932; x_wconf 50' lang='lat' dir='ltr'>palaestas</span> <span class='ocrx_word' id='word_1_222' title='bbox 298 2856 386 2917; x_wconf 64' lang='lat' dir='ltr'>itiam</span> <span class='ocrx_word' id='word_1_223' title='bbox 400 2852 535 2917; x_wconf 76' lang='grc' dir='ltr'><strong><em>ὅντων-.</em></strong></span> <span class='ocrx_word' id='word_1_224' title='bbox 559 2854 674 2917; x_wconf 78' lang='lat' dir='ltr'>Putant</span> <span class='ocrx_word' id='word_1_225' title='bbox 689 2855 777 2917; x_wconf 85' lang='lat' dir='ltr'>etiam</span> <span class='ocrx_word' id='word_1_226' title='bbox 793 2854 882 2919; x_wconf 83' lang='lat' dir='ltr'>Stoici</span> <span class='ocrx_word' id='word_1_227' title='bbox 896 2854 948 2939; x_wconf 75' lang='lat' dir='ltr'>esti</span> <span class='ocrx_word' id='word_1_228' title='bbox 961 2853 1086 2941; x_wconf 83' lang='lat' dir='ltr'>aliquem</span> <span class='ocrx_word' id='word_1_229' title='bbox 1094 2855 1185 2942; x_wconf 85' lang='lat' dir='ltr'>sapi·</span> 
     </span>
     <span class='ocr_line' id='line_1_26' title="bbox 153 2955 1187 3044; baseline 0.006 -29"><span class='ocrx_word' id='word_1_230' title='bbox 153 2965 259 3031; x_wconf 82' lang='lat' dir='ltr'>entcm,</span> <span class='ocrx_word' id='word_1_231' title='bbox 282 2955 334 3040; x_wconf 88' lang='lat' dir='ltr'>qui</span> <span class='ocrx_word' id='word_1_232' title='bbox 345 2955 383 3040; x_wconf 87' lang='lat' dir='ltr'>se</span> <span class='ocrx_word' id='word_1_233' title='bbox 395 2955 453 3041; x_wconf 80' lang='lat' dir='ltr'>ipse</span> <span class='ocrx_word' id='word_1_234' title='bbox 473 2955 587 3041; x_wconf 80' lang='lat' dir='ltr'>ignoret</span> <span class='ocrx_word' id='word_1_235' title='bbox 596 2955 763 3042; x_wconf 71' lang='lat' dir='ltr'>sapientem</span> <span class='ocrx_word' id='word_1_236' title='bbox 779 2957 832 3042; x_wconf 75' lang='lat' dir='ltr'>effe</span> <span class='ocrx_word' id='word_1_237' title='bbox 849 2956 881 3018; x_wconf 88' lang='lat' dir='ltr'>in</span> <span class='ocrx_word' id='word_1_238' title='bbox 896 2955 999 3042; x_wconf 83' lang='lat' dir='ltr'>primis</span> <span class='ocrx_word' id='word_1_239' title='bbox 1014 2958 1187 3044; x_wconf 83' lang='lat' dir='ltr'>temporibus</span> 
     </span>
     <span class='ocr_line' id='line_1_27' title="bbox 155 3056 1186 3146; baseline 0.007 -29"><span class='ocrx_word' id='word_1_240' title='bbox 155 3056 274 3142; x_wconf 81' lang='lat' dir='ltr'>ndeptae</span> <span class='ocrx_word' id='word_1_241' title='bbox 296 3056 471 3141; x_wconf 65' lang='lat' dir='ltr'>sapientiae,</span> <span class='ocrx_word' id='word_1_242' title='bbox 498 3080 590 3144; x_wconf 72' lang='lat' dir='ltr'>neque</span> <span class='ocrx_word' id='word_1_243' title='bbox 612 3069 789 3144; x_wconf 79' lang='lat' dir='ltr'>appetentem</span> <span class='ocrx_word' id='word_1_244' title='bbox 812 3058 896 3146; x_wconf 85' lang='lat' dir='ltr'>quid,</span> <span class='ocrx_word' id='word_1_245' title='bbox 925 3083 1016 3146; x_wconf 81' lang='lat' dir='ltr'>neque</span> <span class='ocrx_word' id='word_1_246' title='bbox 1042 3059 1186 3124; x_wconf 79' lang='lat' dir='ltr'>volentem</span> 
     </span>
     <span class='ocr_line' id='line_1_28' title="bbox 155 3157 1191 3248; baseline 0.009 -31"><span class='ocrx_word' id='word_1_247' title='bbox 155 3157 317 3243; x_wconf 80' lang='lat' dir='ltr'>quidquam</span> <span class='ocrx_word' id='word_1_248' title='bbox 331 3181 441 3235; x_wconf 83' lang='lat' dir='ltr'>eorum,</span> <span class='ocrx_word' id='word_1_249' title='bbox 458 3182 526 3244; x_wconf 82' lang='lat' dir='ltr'>quae</span> <span class='ocrx_word' id='word_1_250' title='bbox 535 3158 738 3246; x_wconf 84' lang='lat' dir='ltr'>propriasunt</span> <span class='ocrx_word' id='word_1_251' title='bbox 753 3160 784 3222; x_wconf 90' lang='lat' dir='ltr'>in</span> <span class='ocrx_word' id='word_1_252' title='bbox 797 3159 937 3238; x_wconf 76' lang='lat' dir='ltr'>volend03</span> <span class='ocrx_word' id='word_1_253' title='bbox 949 3173 1100 3248; x_wconf 86' lang='lat' dir='ltr'>propterea</span> <span class='ocrx_word' id='word_1_254' title='bbox 1111 3162 1191 3248; x_wconf 84' lang='lat' dir='ltr'>quod</span> 
     </span>
     <span class='ocr_line' id='line_1_29' title="bbox 152 3258 1187 3348; baseline 0.007 -29"><span class='ocrx_word' id='word_1_255' title='bbox 152 3258 284 3319; x_wconf 67' lang='lat' dir='ltr'>naiadum</span> <span class='ocrx_word' id='word_1_256' title='bbox 295 3258 414 3344; x_wconf 81' lang='lat' dir='ltr'>judicet</span> <span class='ocrx_word' id='word_1_257' title='bbox 423 3258 488 3342; x_wconf 84' lang='lat' dir='ltr'>fibi</span> <span class='ocrx_word' id='word_1_258' title='bbox 501 3261 597 3345; x_wconf 79' lang='lat' dir='ltr'>adeffi</span> <span class='ocrx_word' id='word_1_259' title='bbox 611 3283 656 3338; x_wconf 82' lang='lat' dir='ltr'>ea,</span> <span class='ocrx_word' id='word_1_260' title='bbox 673 3284 742 3346; x_wconf 81' lang='lat' dir='ltr'>quae</span> <span class='ocrx_word' id='word_1_261' title='bbox 756 3272 874 3347; x_wconf 79' lang='lat' dir='ltr'>oportet.</span> <span class='ocrx_word' id='word_1_262' title='bbox 911 3261 1043 3345; x_wconf 86' lang='lat' dir='ltr'>Sapiens</span> <span class='ocrx_word' id='word_1_263' title='bbox 1061 3261 1187 3348; x_wconf 66' lang='grc' dir='ltr'>ὀρέγεται</span> 
     </span>
     <span class='ocr_line' id='line_1_30' title="bbox 157 3356 1185 3447; baseline 0.005 -27"><span class='ocrx_word' id='word_1_264' title='bbox 157 3357 300 3443; x_wconf 87' lang='lat' dir='ltr'>quidem,</span> <span class='ocrx_word' id='word_1_265' title='bbox 319 3357 372 3422; x_wconf 90' lang='lat' dir='ltr'>sed</span> <span class='ocrx_word' id='word_1_266' title='bbox 391 3359 533 3439; x_wconf 61' lang='lat' dir='ltr'>florinum,</span> <span class='ocrx_word' id='word_1_267' title='bbox 544 3359 617 3423; x_wconf 80' lang='lat' dir='ltr'>&#39;non</span> <span class='ocrx_word' id='word_1_268' title='bbox 632 3356 774 3442; x_wconf 64' lang='grc' dir='ltr'>ἐπιθυμεῖς</span> <span class='ocrx_word' id='word_1_269' title='bbox 797 3359 893 3446; x_wconf 88' lang='lat' dir='ltr'>hujus</span> <span class='ocrx_word' id='word_1_270' title='bbox 908 3361 950 3424; x_wconf 88' lang='lat' dir='ltr'>est</span> <span class='ocrx_word' id='word_1_271' title='bbox 964 3360 1049 3447; x_wconf 77' lang='grc' dir='ltr'><strong><em>ὅςοξος</em></strong></span> <span class='ocrx_word' id='word_1_272' title='bbox 1062 3359 1185 3445; x_wconf 78' lang='grc' dir='ltr'><strong><em>εὔλογος,</em></strong></span> 
     </span>
     <span class='ocr_line' id='line_1_31' title="bbox 157 3459 1187 3553; baseline 0.005 -31"><span class='ocrx_word' id='word_1_273' title='bbox 157 3481 229 3545; x_wconf 88' lang='lat' dir='ltr'>quae</span> <span class='ocrx_word' id='word_1_274' title='bbox 250 3459 369 3524; x_wconf 89' lang='lat' dir='ltr'>dicitur</span> <span class='ocrx_word' id='word_1_275' title='bbox 388 3461 538 3553; x_wconf 51' lang='lat' dir='ltr'>sosanna:</span> <span class='ocrx_word' id='word_1_276' title='bbox 563 3483 626 3547; x_wconf 91' lang='lat' dir='ltr'>qua</span> <span class='ocrx_word' id='word_1_277' title='bbox 647 3461 687 3525; x_wconf 89' lang='lat' dir='ltr'>de</span> <span class='ocrx_word' id='word_1_278' title='bbox 707 3461 884 3526; x_wconf 87' lang='lat' dir='ltr'>differentia</span> <span class='ocrx_word' id='word_1_279' title='bbox 905 3463 1025 3526; x_wconf 85' lang='lat' dir='ltr'>constat</span> <span class='ocrx_word' id='word_1_280' title='bbox 1045 3485 1083 3526; x_wconf 90' lang='lat' dir='ltr'>ex</span> <span class='ocrx_word' id='word_1_281' title='bbox 1105 3462 1187 3527; x_wconf 93' lang='lat' dir='ltr'>Dio-</span> 
     </span>
     <span class='ocr_line' id='line_1_32' title="bbox 158 3560 1187 3653; baseline 0.004 -28"><span class='ocrx_word' id='word_1_282' title='bbox 158 3583 241 3647; x_wconf 83' lang='lat' dir='ltr'>gene</span> <span class='ocrx_word' id='word_1_283' title='bbox 255 3560 383 3625; x_wconf 87' lang='lat' dir='ltr'>Laertio</span> <span class='ocrx_word' id='word_1_284' title='bbox 398 3563 475 3627; x_wconf 93' lang='lat' dir='ltr'>Vll.</span> <span class='ocrx_word' id='word_1_285' title='bbox 494 3568 566 3628; x_wconf 86' lang='lat'><strong>116.</strong></span> <span class='ocrx_word' id='word_1_286' title='bbox 595 3563 749 3627; x_wconf 90' lang='lat' dir='ltr'>Cicerone</span> <span class='ocrx_word' id='word_1_287' title='bbox 762 3563 856 3627; x_wconf 89' lang='lat' dir='ltr'>Tusc.</span> <span class='ocrx_word' id='word_1_288' title='bbox 873 3565 931 3626; x_wconf 93' lang='lat' dir='ltr'>IV.</span> <span class='ocrx_word' id='word_1_289' title='bbox 947 3565 983 3626; x_wconf 91' lang='lat'>6:</span> <span class='ocrx_word' id='word_1_290' title='bbox 1005 3563 1076 3628; x_wconf 80' lang='lat' dir='ltr'>vult</span> <span class='ocrx_word' id='word_1_291' title='bbox 1088 3576 1116 3627; x_wconf 82' lang='lat' dir='ltr'>et</span> <span class='ocrx_word' id='word_1_292' title='bbox 1129 3581 1187 3653; x_wconf 81' lang='lat' dir='ltr'>ap-</span> 
     </span>
     <span class='ocr_line' id='line_1_33' title="bbox 156 3650 1188 3751; baseline 0.006 -28"><span class='ocrx_word' id='word_1_293' title='bbox 156 3650 230 3748; x_wconf 66' lang='lat' dir='ltr'>petit</span> <span class='ocrx_word' id='word_1_294' title='bbox 242 3668 279 3727; x_wconf 87' lang='grc' dir='ltr'>τοὶ</span> <span class='ocrx_word' id='word_1_295' title='bbox 294 3666 367 3726; x_wconf 75' lang='grc' dir='ltr'><strong><em>ὶὸικοὶ</em></strong></span> <span class='ocrx_word' id='word_1_296' title='bbox 381 3666 408 3725; x_wconf 75' lang='grc' dir='ltr'>ἐν</span> <span class='ocrx_word' id='word_1_297' title='bbox 422 3669 461 3748; x_wconf 78' lang='grc' dir='ltr'>τῷ</span> <span class='ocrx_word' id='word_1_298' title='bbox 475 3661 628 3743; x_wconf 51' lang='lat' dir='ltr'>postestas,</span> <span class='ocrx_word' id='word_1_299' title='bbox 642 3689 689 3742; x_wconf 85' lang='lat' dir='ltr'>ea,</span> <span class='ocrx_word' id='word_1_300' title='bbox 704 3689 771 3749; x_wconf 69' lang='lat' dir='ltr'>qua*</span> <span class='ocrx_word' id='word_1_301' title='bbox 789 3664 909 3751; x_wconf 83' lang='lat' dir='ltr'>propria</span> <span class='ocrx_word' id='word_1_302' title='bbox 917 3664 996 3749; x_wconf 87' lang='lat' dir='ltr'>sunt</span> <span class='ocrx_word' id='word_1_303' title='bbox 1008 3664 1040 3726; x_wconf 86' lang='lat' dir='ltr'>in</span> <span class='ocrx_word' id='word_1_304' title='bbox 1051 3665 1188 3744; x_wconf 83' lang='lat' dir='ltr'>volendo,</span> 
     </span>
     <span class='ocr_line' id='line_1_34' title="bbox 161 3764 1190 3854; baseline 0.005 -27"><span class='ocrx_word' id='word_1_305' title='bbox 161 3764 259 3843; x_wconf 86' lang='lat' dir='ltr'>idest,</span> <span class='ocrx_word' id='word_1_306' title='bbox 279 3765 380 3829; x_wconf 81' lang='lat' dir='ltr'>bona:</span> <span class='ocrx_word' id='word_1_307' title='bbox 402 3778 437 3828; x_wconf 89' lang='lat' dir='ltr'>at</span> <span class='ocrx_word' id='word_1_308' title='bbox 457 3765 602 3830; x_wconf 91' lang='lat' dir='ltr'>nondum</span> <span class='ocrx_word' id='word_1_309' title='bbox 623 3766 692 3829; x_wconf 85' lang='lat' dir='ltr'>haec</span> <span class='ocrx_word' id='word_1_310' title='bbox 712 3766 839 3844; x_wconf 86' lang='lat' dir='ltr'>vultis,</span> <span class='ocrx_word' id='word_1_311' title='bbox 861 3766 916 3852; x_wconf 90' lang='lat' dir='ltr'>qui</span> <span class='ocrx_word' id='word_1_312' title='bbox 937 3766 1041 3830; x_wconf 89' lang='lat' dir='ltr'>adhuc</span> <span class='ocrx_word' id='word_1_313' title='bbox 1064 3767 1190 3854; x_wconf 83' lang='lat' dir='ltr'>ignorat</span> 
     </span>
     <span class='ocr_line' id='line_1_35' title="bbox 162 3865 1189 3957; baseline 0.004 -29"><span class='ocrx_word' id='word_1_314' title='bbox 162 3865 193 3929; x_wconf 88' lang='lat' dir='ltr'>se</span> <span class='ocrx_word' id='word_1_315' title='bbox 206 3867 264 3930; x_wconf 88' lang='lat' dir='ltr'>else</span> <span class='ocrx_word' id='word_1_316' title='bbox 278 3866 475 3952; x_wconf 80' lang='lat' dir='ltr'>sapientem3</span> <span class='ocrx_word' id='word_1_317' title='bbox 498 3868 642 3932; x_wconf 91' lang='lat' dir='ltr'>nondum</span> <span class='ocrx_word' id='word_1_318' title='bbox 660 3869 744 3931; x_wconf 92' lang='lat' dir='ltr'>enim</span> <span class='ocrx_word' id='word_1_319' title='bbox 761 3868 888 3954; x_wconf 88' lang='lat' dir='ltr'>judicat</span> <span class='ocrx_word' id='word_1_320' title='bbox 902 3869 954 3933; x_wconf 86' lang='lat' dir='ltr'>srbi</span> <span class='ocrx_word' id='word_1_321' title='bbox 970 3870 1069 3934; x_wconf 80' lang='lat' dir='ltr'>adesl&#39;e</span> <span class='ocrx_word' id='word_1_322' title='bbox 1084 3869 1119 3940; x_wconf 75' lang='grc' dir='ltr'>ὦν</span> <span class='ocrx_word' id='word_1_323' title='bbox 1130 3876 1189 3957; x_wconf 73' lang='grc' dir='ltr'>χρὴ</span> 
     </span>
     <span class='ocr_line' id='line_1_36' title="bbox 162 3968 1191 4055; baseline 0.006 -26"><span class='ocrx_word' id='word_1_324' title='bbox 162 3989 286 4052; x_wconf 76' lang='lat' dir='ltr'>eaquae</span> <span class='ocrx_word' id='word_1_325' title='bbox 306 3980 450 4054; x_wconf 87' lang='lat' dir='ltr'>oportet,</span> <span class='ocrx_word' id='word_1_326' title='bbox 471 3968 502 4030; x_wconf 93' lang='lat' dir='ltr'>id</span> <span class='ocrx_word' id='word_1_327' title='bbox 524 3971 577 4045; x_wconf 87' lang='lat' dir='ltr'>est,</span> <span class='ocrx_word' id='word_1_328' title='bbox 598 3991 636 4032; x_wconf 90' lang='lat' dir='ltr'>ea</span> <span class='ocrx_word' id='word_1_329' title='bbox 656 3991 728 4055; x_wconf 84' lang='lat' dir='ltr'>quae</span> <span class='ocrx_word' id='word_1_330' title='bbox 744 3969 927 4054; x_wconf 87' lang='lat' dir='ltr'>sapientiam</span> <span class='ocrx_word' id='word_1_331' title='bbox 947 3984 982 4032; x_wconf 90' lang='lat' dir='ltr'>ct</span> <span class='ocrx_word' id='word_1_332' title='bbox 1005 3969 1191 4036; x_wconf 86' lang='lat' dir='ltr'>felicitatem</span> 
     </span>
     <span class='ocr_line' id='line_1_37' title="bbox 163 4067 1191 4157; baseline 0.004 -27"><span class='ocrx_word' id='word_1_333' title='bbox 163 4067 338 4147; x_wconf 90' lang='lat' dir='ltr'>continent,</span> <span class='ocrx_word' id='word_1_334' title='bbox 354 4067 543 4134; x_wconf 87' lang='lat' dir='ltr'>facultatem</span> <span class='ocrx_word' id='word_1_335' title='bbox 558 4068 771 4154; x_wconf 91' lang='lat' dir='ltr'>consequendi</span> <span class='ocrx_word' id='word_1_336' title='bbox 793 4068 881 4146; x_wconf 89' lang='lat' dir='ltr'>boni,</span> <span class='ocrx_word' id='word_1_337' title='bbox 903 4092 965 4133; x_wconf 93' lang='lat' dir='ltr'>non</span> <span class='ocrx_word' id='word_1_338' title='bbox 987 4069 1085 4132; x_wconf 92' lang='lat' dir='ltr'>modo</span> <span class='ocrx_word' id='word_1_339' title='bbox 1103 4070 1191 4157; x_wconf 84' lang='lat' dir='ltr'>sugi-</span> 
     </span>
     <span class='ocr_line' id='line_1_38' title="bbox 156 4169 1191 4256; baseline 0.003 -23"><span class='ocrx_word' id='word_1_340' title='bbox 156 4169 234 4234; x_wconf 88' lang='lat' dir='ltr'>-eudi</span> <span class='ocrx_word' id='word_1_341' title='bbox 247 4173 322 4238; x_wconf 88' lang='lat' dir='ltr'>mali</span> <span class='ocrx_word' id='word_1_342' title='bbox 338 4184 374 4237; x_wconf 92' lang='lat' dir='ltr'>et</span> <span class='ocrx_word' id='word_1_343' title='bbox 389 4170 467 4235; x_wconf 86' lang='lat' dir='ltr'>vitii.</span> <span class='ocrx_word' id='word_1_344' title='bbox 495 4172 588 4235; x_wconf 89' lang='lat' dir='ltr'>Hanc</span> <span class='ocrx_word' id='word_1_345' title='bbox 604 4170 760 4234; x_wconf 89' lang='lat' dir='ltr'>rationem</span> <span class='ocrx_word' id='word_1_346' title='bbox 776 4169 918 4234; x_wconf 88' lang='lat' dir='ltr'>disertius</span> <span class='ocrx_word' id='word_1_347' title='bbox 933 4169 1004 4256; x_wconf 85' lang='lat' dir='ltr'>quis</span> <span class='ocrx_word' id='word_1_348' title='bbox 1018 4172 1191 4256; x_wconf 82' lang='lat' dir='ltr'>cognoscat</span> 
     </span>
     <span class='ocr_line' id='line_1_39' title="bbox 162 4265 1190 4358; baseline -0.001 -24"><span class='ocrx_word' id='word_1_349' title='bbox 162 4293 201 4334; x_wconf 81' lang='lat' dir='ltr'>ex</span> <span class='ocrx_word' id='word_1_350' title='bbox 212 4271 270 4338; x_wconf 90' lang='lat' dir='ltr'>allo</span> <span class='ocrx_word' id='word_1_351' title='bbox 282 4270 409 4341; x_wconf 88' lang='lat' dir='ltr'>Stobaei</span> <span class='ocrx_word' id='word_1_352' title='bbox 423 4270 496 4336; x_wconf 94' lang='lat' dir='ltr'>loco</span> <span class='ocrx_word' id='word_1_353' title='bbox 515 4265 637 4356; x_wconf 60' lang='lat' dir='ltr'><strong>p.&#39;1&#39;74.</strong></span> <span class='ocrx_word' id='word_1_354' title='bbox 652 4292 748 4358; x_wconf 90' lang='lat' dir='ltr'>quem</span> <span class='ocrx_word' id='word_1_355' title='bbox 769 4290 870 4355; x_wconf 85' lang='lat' dir='ltr'>nuper</span> <span class='ocrx_word' id='word_1_356' title='bbox 883 4270 1145 4356; x_wconf 79' lang='lat' dir='ltr'>perpurgarimus</span> <span class='ocrx_word' id='word_1_357' title='bbox 1159 4271 1190 4334; x_wconf 93' lang='lat' dir='ltr'>in</span> 
     </span>
    </p>
   </div>
   <div class='ocr_carea' id='block_1_3' title="bbox 0 0 1351 4770">
    <p class='ocr_par' dir='ltr' id='par_1_7' title="bbox 0 0 1351 4770">
     <span class='ocr_line' id='line_1_40' title="bbox 0 0 1351 4770; baseline 0 0"><span class='ocrx_word' id='word_1_358' title='bbox 0 0 1351 4770; x_wconf 95' lang='lat' dir='ltr'> </span> 
     </span>
    </p>
   </div>
  </div>
 </body>
</html>
