2692 4770
287 326 917 425 rumunnmoonrcspuua.
1049 333 1126 387 ιω

85 495 362 563 eedaemoniornm
385 508 595 564 numerantur
616 493 822 573 Cleomenes,
844 494 1027 581 Lycurgus,
1049 489 1128 556 Ma·
1187 514 1192 527 ·

87 598 255 680 chanidas‚
269 599 396 665 Nabis.-
419 622 502 688 quos
515 597 659 664 recenset
676 595 836 662 Meurfius
853 595 906 660 De
928 595 1042 682 Regno
1063 593 1129 658 La·

85 701 160 768 cod.
176 704 254 768 XX.
269 723 303 790 p.
319 703 373 788 89.

132 824 207 886 240.
223 805 262 870 B.
284 806 367 886 uniit
381 803 421 870 in
438 804 572 888 σώζοντες
585 809 632 882 τῆς
650 800 764 892 nutple
778 800 922 889 ἀγωγῆς]
947 798 1012 864 Hic
1028 811 1062 865 et
1081 799 1132 864 se·

88 927 195 994 quens
216 918 308 972 totus
327 906 433 988 locus,
452 907 558 973 nescio
581 904 758 993 quomodo,
785 904 907 969 alienus
930 924 950 967 a
969 898 1134 968 Plutarchi

90 1006 283 1074 auctoritato
302 1022 336 1073 et
355 1008 570 1095 supposititius
585 1007 723 1074 videtur.
760 1008 847 1072 Nam
867 1005 933 1092 ipse
949 1003 1025 1068 alibi
1042 1002 1133 1068 Plut-

89 1109 208 1176 archus
230 1108 278 1175 ita
296 1108 443 1197 loquitur
460 1108 545 1198 quast
570 1102 755 1177 suaadlrnc
779 1121 873 1174 aetate
898 1104 1059 1195 viguerint
1081 1103 1134 1168 in·

88 1211 199 1278 stituta
216 1212 569 1279 vLacedaemoniorum:
598 1212 699 1278 veluti
721 1210 938 1296 διαμαςίγωσις,
957 1206 1135 1296 flagellatio

87 1331 260 1406 puerorum,
283 1314 384 1382 modo
405 1339 438 1404 p.
460 1336 535 1404 239.
557 1316 606 1381 C:
637 1339 676 1381 ac
698 1314 845 1381 disertius
868 1314 901 1379 in
925 1315 1078 1400 Lycurgo
1101 1330 1136 1397 p.

83 1477 84 1480 ,
89 1431 147 1502 51.
162 1416 210 1481 Bt
234 1419 283 1482 nal
307 1425 388 1482 τοῦτο
407 1419 459 1502 μὲν
478 1421 536 1483 otti
557 1420 611 1483 sind
631 1427 686 1483 τῶν
711 1425 759 1490 νῦν,
776 1415 878 1501 ipisus
898 1414 995 1489 dt'nr5o‘r
1017 1418 1085 1494 esav,
1100 1410 1137 1477 dn

91 1520 212 1596 πολλοὺς
226 1521 270 1584 inl
283 1528 332 1584 τοῦ
347 1522 444 1602 βωμοῦ
462 1525 510 1598 τῆς
521 1519 647 1608 Ὀρθῖὰς
661 1518 822 1605 inprimunt
836 1518 1060 1596 ἀποθνήσκοντας
1074 1517 1137 1590 ταῖς

93 1624 237 1706 πληγαῖς.
275 1621 359 1687 Item
380 1622 497 1688 Cicero
511 1622 607 1687 Tusc.
625 1622 669 1687 II.
687 1640 748 1703 14:
774 1618 894 1708 Sparte
907 1643 978 1684 vero
998 1617 1083 1707 pueri
1097 1616 1142 1682 od

93 1746 182 1787 arani
191 1723 241 1810 ſse
259 1724 432 1788 verberibus
447 1725 634 1814 accipiuntur
642 1728 663 1804 3'
675 1736 711 1788 ut
730 1722 840 1788 multus
855 1722 1045 1811 evisceribus
1057 1721 1139 1805 son·

91 1825 165 1913 guis
177 1827 286 1890 exeat.-
307 1826 530 1916 nonnumquam
544 1827 647 1906 etiem,
665 1837 712 1906 ut,
725 1849 788 1890 nem
802 1824 845 1889 ibi
858 1827 953 1913 efferte,
969 1824 1139 1903 audiebam,

95 1928 143 1992 ad
161 1951 278 1993 necem:
301 1952 424 2016 quorum
440 1953 499 1994 non
513 1930 596 1993 nodo
618 1952 699 1993 neno
719 1926 902 1992 exclamauit
918 1950 1072 2013 unquam,
1083 1924 1145 2020 sed

97 2051 135 2095 ne
155 2028 302 2116 ingenuit
322 2030 451 2118 quiden.
488 2031 547 2097 Or.
564 2032 624 2095 Pro
640 2031 780 2095 Murena
793 2044 857 2115 35:
882 2028 1142 2093 Lacedaemonii-

96 2129 188 2218 nestri
201 2132 317 2221 imperii
336 2134 484 2221 Μῶα,
504 2133 691 2221 d‘sciplinone
702 2135 795 2220 suam
808 2132 941 2221 legesque
955 2132 1142 2218 conservant.

96 2234 157 2300 Or.
181 2236 242 2300 Pro
265 2235 466 2304 Flaccoaoz
486 2236 617 2325 'Adsunt
642 2235 877 2317 Lacedaemonii,
902 2237 986 2324 cujus
1008 2235 1144 2300 civitatis

85 2337 229 2426 speslota
250 2350 280 2404 et
299 2338 461 2405 nobilitata
484 2340 596 2419 uirtus,
615 2364 675 2405 non
685 2339 788 2428 solm
809 2336 922 2404 notura
943 2326 1143 2422 corroborans

95 2463 203 2513 venem
223 2441 312 2506 etiem
330 2442 497 2530 disciplina·
512 2455 662 2531 putatur:
685 2442 738 2531 qui
748 2441 810 2530 soli
829 2452 887 2506 toto
906 2440 973 2511 orbe
995 2455 1144 2506 terrarum

87 2541 292 2630 septingentis
308 2543 382 2630 jane
410 2543 499 2607 annis
525 2543 653 2630 anplius
681 2543 750 2608 unis
778 2542 906 2609 moribus
930 2555 959 2606 et
983 2565 1145 2629 numquam

99 2643 225 2710 mutatis
247 2643 362 2733 legibus
385 2644 519 2709 vivunt:
547 2644 684 2712 oratorie
711 2645 776 2710 hoc
796 2643 928 2733 quidem
952 2645 1146 2731 postremum
1257 2722 1259 2726 Α

100 2747 206 2835 magle
221 2768 320 2834 quam
337 2768 410 2813 vere
425 2746 572 2824 elisium:
596 2746 650 2812 sed
666 2761 789 2830 tamen,
808 2759 846 2813 ut
859 2760 1025 2835 appareat,
1042 2750 1145 2815 Lacc-

101 2848 339 2916 daemoniorum
368 2849 569 2938 disciplinam
598 2850 656 2916 illo
680 2864 828 2937 tempore
855 2851 1001 2917 nondum
1030 2851 1146 2918 exstin-

103 2949 189 3018 &am
214 2951 316 3018 fuisse.
351 2951 523 3018 Musonius
544 2952 633 3040 apud
658 2954 751 3021 Stob.
777 2954 861 3020 Flor.
884 2955 979 3020 XIX.
1007 2976 1040 3041 p.
1067 2957 1145 3042 1692

101 3053 144 3118 de
169 3076 259 3119 more
285 3076 403 3142 pueros
428 3055 582 3120 adaram
607 3055 714 3144 flagris
739 3055 891 3123 caedendi*
908 3071 946 3122 ut
972 3054 1026 3122 sua
1050 3070 1147 3123 retatc

102 3154 361 3221 Lacedaemoniis
379 3157 494 3225 ufitato
516 3171 637 3224 narrat.
672 3158 831 3246 losephua
846 3160 968 3224 Contra
983 3161 1147 3246 Apionem

104 3258 221 3344 11.31.
260 3257 380 3324 Plinius
406 3258 487 3330 Hist.
510 3259 590 3326 Nat.
608 3259 771 3326 XXXIII.
793 3282 827 3344 4.
862 3261 929 3327 Dio
951 3261 1066 3350 Chrys.
1089 3261 1148 3327 Or.

105 3361 286 3426 XXXVII.
308 3383 343 3448 p.
358 3363 434 3444 461.
451 3361 493 3428 C.
532 3362 701 3430 Cornelius
725 3365 837 3451 Nepos
854 3364 981 3431 Praesat.
997 3366 1028 3448 ξ.
1043 3385 1077 3447 4.
1092 3363 1151 3430 ubi

105 3466 254 3554 quaedam
278 3467 319 3533 de
340 3467 402 3533 hac
425 3469 597 3557 questione
616 3471 784 3537 annotavit
803 3473 835 3537 J.
851 3473 903 3537 M.
919 3472 1150 3560 Heusrngerua.

105 3569 326 3636 Tertullianus
348 3569 390 3636 ad
411 3572 573 3660 Martyres
600 3573 631 3656 ᾗ.
650 3593 685 3655 4.
711 3593 844 3661 p.139:
870 3574 954 3638 Nan
975 3599 1046 3663 quae
1066 3574 1153 3640 bodie

106 3675 191 3759 apud
211 3672 443 3738 Loeedaenonos
459 3673 627 3760 solennitas
648 3675 781 3739 monime
803 3673 853 3762 est,
876 3676 1093 3762 διαμαςίγωσις,
1119 3676 1156 3742 id

105 3773 147 3861 esi
162 3773 353 3862 flagellatio,
375 3800 434 3841 non
455 3775 542 3841 letet.
581 3776 699 3864 Inque
714 3778 806 3864 sacro
829 3789 899 3842 ante
927 3802 1014 3843 oron
1041 3779 1155 3846 nobiles

106 3876 215 3966 quique
234 3876 427 3966 adolescentes
437 3875 582 3965 flagellis
595 3877 792 3968 affliguntur,
807 3877 993 3967 adslantibus
1016 3883 1153 3969 porenti-

108 3980 164 4050 bus
179 3991 207 4043 et
226 3980 412 4068 propinquis,
436 3992 464 4044 et
483 3980 529 4044 uti
545 3981 734 4071 perseverent
749 3982 991 4049 adhortantibus.
1020 3987 1073 4051 De
1088 3988 1155 4054 La-

109 4081 384 4161 cedaemoniorum
398 4082 565 4171 disciplina
581 4100 614 4149 ct
634 4083 764 4150 civitate
784 4108 804 4151 a
825 4087 978 4152 Romanis
998 4088 1152 4174 restituta,

107 4186 240 4281 legatur
253 4188 413 4253 Meurfius
426 4188 478 4253 De
494 4189 608 4276 Regno
622 4187 741 4254 laced.
757 4189 853 4254 XXI.
870 4210 904 4277 p.
920 4207 974 4279 95.

157 4309 232 4372 240.
245 4290 286 4358 B.
308 4292 345 4370 ‘lt
363 4287 476 4356 lentius
492 4288 663 4372 perimone,
687 4290 736 4358 nal
755 4297 799 4358 νῦν
817 4292 868 4356 tini
884 4291 1043 4377 Ῥωμαίοις,
1056 4295 1154 4361 eulai-
