2692 4770
296 304 782 365 ononu‘ruuncuuuuc.
800 303 943 382 poeno.
1059 307 1136 362 noo
1185 330 1189 343 ·

97 462 217 530 ciebat.
254 467 302 532 At
316 467 367 532 hae
383 468 493 534 laudes
509 468 597 555 apud
615 467 839 557 Thucydidem
855 466 1060 554 consignatio,
1076 463 1134 529 de-

98 565 204 630 finunt
216 566 297 632 libro
312 571 355 633 V.
392 572 478 656 Ergo
501 569 696 635 Meziriacus
717 592 789 635 vere
809 569 872 634 hoc
887 568 960 632 loco
974 580 1132 631 annotato

95 667 144 732 bic
158 669 242 732 bodie
257 670 290 735 V
296 670 346 756 est,
361 696 419 735 non
436 671 508 750 VH,
523 672 701 759 Thucydidis
715 672 804 753 libcr3
819 671 898 735 uude
908 669 1027 758 conjicio
1040 667 1134 732 oliano
1181 710 1187 722 ·

95 772 244 863 quondam
265 773 438 859 diciſsonem
455 797 526 862 quae
546 775 579 839 in
602 774 724 839 Scholiis
743 773 865 862 legitur,
884 771 1017 861 vulgato
1031 771 1132 835 verio-

96 898 157 937 rem
171 876 224 961 effe
241 888 269 939 et
288 876 493 964 antiquiorem.
530 878 582 942 De
600 876 718 943 diversa
740 875 959 941 distributione
976 873 1133 938 librorum

92 976 307 1065 Thucydidis,
322 994 519 1045 monuerunt
532 980 603 1068 ejus
618 979 766 1045 Editores
781 995 814 1045 et
829 979 1036 1063 Interpretes,
1048 997 1131 1063 quo·

102 1078 243 1145 laudavit
265 1081 326 1146 hac
344 1081 378 1146 in
392 1082 495 1146 cauffo
511 1081 673 1147 Fabricius
687 1081 772 1147 Bibl.
788 1082 848 1147 Gr.
862 1079 938 1147 vol.
956 1082 983 1144 1.
1006 1100 1039 1166 p.
1055 1079 1131 1144 868.

94 1182 240 1246 Verbum
262 1185 404 1259 ἀποδοῦναι
425 1183 595 1248 commode
612 1182 770 1270 accipitur
784 1182 906 1270 nferre,
925 1205 1066 1261 norrore,
1082 1204 1130 1244 re·

92 1280 205 1344 citare:
235 1281 275 1346 fic
301 1283 344 1347 est
369 1305 402 1370 p.
425 1286 501 1370 948.
523 1284 563 1349 C.
590 1284 754 1363 declarare,
781 1284 940 1374 explicare.
978 1282 1131 1370 Longino

94 1385 255 1450 XXXIX.
282 1406 315 1471 p.
332 1386 412 1452 208:
435 1399 469 1451 ct
486 1386 557 1451 aliis
578 1385 685 1452 citatis
709 1387 875 1474 Stephano
893 1384 988 1452 Thes.
1008 1387 1049 1450 L.
1068 1386 1128 1451 Gr.

92 1484 346 1676 Tibi-3911]
381 1576 650 1679 Quandoquidem
672 1588 735 1655 ulia
754 1588 873 1655 indicia
896 1588 1021 1671 desunt,
1046 1604 1128 1679 puto

89 1690 157 1757 dici
175 1690 240 1756 Cn.
256 1691 468 1779 Calpurnium
484 1691 628 1758 Pisonem
644 1693 719 1760 Cos.
735 1694 781 1758 11.
796 1696 840 1760 A.
851 1693 896 1759 U.
912 1708 987 1778 747.
