2692 4770
159 352 218 416 758
351 350 390 415 D.
402 353 453 413 W.
472 352 683 418 sumant.
702 356 749 417 ΙΝ
770 352 1003 419 ramanent

159 509 183 596 ’i
195 510 341 594 Μέμνονα,
362 517 384 603 η
402 519 549 607 Ἀχιλλέα
561 522 584 608 23,
596 520 813 586 Ἱττύλοτον-.
845 517 1066 595 ¹Corrsersutur
1082 525 1196 579 notata

158 633 193 700 Ρ.
209 634 282 680 111.
297 616 337 683 Β.
352 632 386 684 et
404 642 476 709 119.
491 627 529 686 Ε.

203 738 276 804 113.
292 720 332 786 Ε.
354 727 441 789 Μεῐον
455 730 513 811 γὰρ
528 725 608 802 ὄντας
624 727 748 814 Τραύλος
762 727 892 814 ὶὸάνροον
905 723 921 802 ἢ
936 722 1138 810 uptam-ts
1159 717 1195 793 tit

156 812 292 909 Ρηοον-ὲ]
320 824 417 892 Initio
439 826 536 916 hujus
555 827 621 893 loci
639 827 828 895 sententiam
849 827 968 892 exstare
991 818 1194 899 Callimachi,

155 923 300 991 novimus
315 949 354 993 ex
369 929 526 996 Cicerone
537 931 630 997 Tusc.
647 931 674 995 I.
689 951 754 1018 392
781 930 972 1017 Quamquam
985 949 1045 991 aaa
1057 922 1136 991 mala
1149 923 1195 987 ait

155 1024 370 1110 Callimachus,
390 1031 480 1098 malta
493 1034 609 1122 sapius
630 1032 794 1122 lacrimaffl
811 1031 978 1110 Priamum,
992 1052 1084 1117 quam
1106 1026 1194 1091 Trai-

155 1127 240 1193 iam:
262 1132 319 1196 ubi
340 1134 584 1201 emditiffimum
600 1136 762 1202 Davisrum
776 1158 841 1201 non
860 1132 946 1220 sugit
959 1131 1014 1197 hic
1031 1127 1195 1196 Plutarchi

153 1230 245 1299 locrus
255 1261 275 1300 ι.
287 1236 341 1301 sed
362 1236 448 1325 fugit
468 1237 631 1304 Plutarchi
647 1237 845 1305 consuetudo
859 1236 894 1302 in
906 1233 1044 1301 citandis
1057 1231 1194 1298 aliorum

154 1332 247 1401 ditus
261 1342 321 1426 yla
333 1338 414 1413 ὄντας
429 1337 470 1404 de
484 1339 540 1405 suo
555 1338 745 1427 adjicientis.
774 1343 1005 1427 Fragmentum
1018 1358 1038 1402 e
1051 1334 1119 1400 solo
1136 1332 1194 1399 ci·

153 1438 279 1503 ceronis
293 1439 366 1505 loco
382 1440 571 1519 memoravit
588 1441 755 1508 Bentleius
776 1465 811 1530 p.
824 1455 908 1527 557:
932 1438 1081 1505 Emellus
1094 1435 1194 1503 etiam

51 1628 55 1634 Α
154 1537 381 1607 Plutarcheum
403 1542 513 1609 locum
526 1543 703 1610 annotavit.
740 1545 779 1609 In
794 1541 947 1631 proximis
962 1539 977 1619 l
992 1539 1125 1628 Πηύααος
1139 1541 1192 1602 αύ-

152 1643 199 1716 rit
212 1643 320 1730 recepi
334 1645 504 1711 lcdtionem
521 1646 586 1712 udn
601 1658 640 1712 ut
653 1646 748 1713 unice
762 1668 881 1725 veram,
895 1643 949 1709 sed
963 1655 1001 1709 ut
1014 1642 1099 1707 inter
1112 1639 1194 1707 duas

112 1751 121 1768 '
152 1742 278 1810 vitiosas
299 1745 452 1813 lettiones
474 1748 665 1837 legitimam,
689 1749 797 1827 idest,
820 1745 1032 1835 plurimorum
1051 1743 1192 1809 austori-

152 1856 221 1911 tate
234 1847 390 1914 librorum
407 1851 639 1915 confirmatam.
677 1849 837 1938 Equidem
853 1860 967 1935 putem
983 1843 1192 1911 Plutarchum

151 1943 198 2012 ita
212 1948 277 2013 sere
292 1949 450 2036 scripsisse,
470 1950 486 2030 ἢ
507 1951 647 2040 Πρίαμος·
671 1951 762 2027 Οὗτος
775 1953 796 2014 d
812 1954 834 2014 ri
849 1946 1023 2026 ἐτελεύτησεν
1037 1946 1077 2010 ἔτι
1091 1949 1192 2028 ἄνομα·
1247 1942 1252 1947 ’

112 2044 114 2049 ⁴
152 2044 237 2130 ζύοης
257 2055 333 2138 αὐτῷ
345 2058 392 2128 τῆς
405 2051 566 2132 βασιλείας,
578 2053 813 2140 προετελεύτησεν
825 2053 848 2139 ’i
860 2056 909 2127 τῆς
922 2048 1049 2127 τοιαύτης
1060 2046 1195 2131 τύχης-

151 2148 216 2214 Hic
229 2151 305 2214 enim
315 2153 352 2236 fi
363 2167 493 2219 mortuas
502 2152 746 2240 sufftflarmta
758 2154 856 2216 adbuc
870 2151 897 2215 si
911 2173 1014 2239 regno,
1028 2147 1098 2213 mem
1107 2161 1193 2235 Ρω-

150 2263 281 2317 martaas
301 2255 412 2341 fisiffet
444 2267 515 2319 ante
543 2254 630 2320 illam
657 2255 870 2334 calamitatem,
897 2276 987 2342 qaam
1013 2248 1195 2316 lamentatus

151 2352 243 2441 ast-.
281 2357 393 2422 Talem
416 2356 540 2423 sensnm
562 2357 696 2423 omnino
712 2357 848 2445 postulat
870 2355 924 2422 hic
946 2354 1057 2420 locus:
1085 2352 1193 2418 obfuit

151 2455 379 2546 interpretibus
401 2473 435 2524 et
453 2459 647 2524 vocabulum
661 2458 835 2551 perditum,
851 2472 886 2523 et
899 2480 963 2524 non
978 2454 1193 2521 animadversa

151 2558 336 2647 significatio
351 2561 490 2627 deterior
502 2559 604 2648 τύχης,
618 2559 809 2626 calamitatis.
845 2562 883 2625 ln
906 2559 951 2623 ota
963 2567 1030 2645 γοῦν
1051 2559 1095 2622 cst
1117 2557 1190 2622 clli-

152 2659 238 2747 ptica
253 2662 351 2728 dictio
366 2677 480 2728 notans
490 2662 598 2743 veluti,
610 2685 709 2750 quam
724 2662 903 2728 notavimus
917 2661 959 2726 ad
973 2659 1091 2726 Setett.
1107 2660 1189 2724 Hist.

151 2784 185 2848 Ρ.
200 2779 277 2849 347.
311 2764 363 2829 Ad
383 2789 450 2830 rem
468 2788 506 2831 ac
522 2767 712 2832 sententiam
728 2765 845 2831 Cicero
858 2766 899 2829 ab
913 2763 1024 2829 iisdem
1045 2762 1191 2826 fontibus

151 2867 314 2952 profectus
335 2870 429 2933 Tusc.
453 2870 481 2933 Ι.
500 2885 565 2956 35:
597 2871 753 2934 Priamum
776 2878 863 2931 tanta
882 2865 1021 2954 proganie
1042 2865 1191 2946 orbatum,

149 2993 214 3034 curn
236 2970 268 3033 ia
290 2996 375 3034 aram
402 2973 585 3060 carffagiffat,
613 2972 721 3058 hrfflilis
748 2992 855 3035 aranas
879 2970 1036 3035 interemit.
1077 2968 1140 3033 Hic
1159 2970 1194 3056 ſs

148 3074 232 3138 vivis
242 3073 327 3160 filiis
340 3074 477 3140 incolumi
491 3100 580 3165 regno
594 3078 745 3165 occidiſjit‚
769 3085 792 3117 “
805 3075 941 3162 adstante
953 3091 1003 3165 aps
1017 3075 1190 3154 barbarica,

149 3181 175 3214 “
190 3175 286 3239 Testis
301 3175 428 3259 calatis,
444 3179 627 3267 laqueatis,''
643 3192 742 3244 atram
761 3180 881 3243 tandem
893 3205 912 3243 a
928 3179 1021 3259 bonu,
1033 3204 1077 3243 aa
1090 3204 1110 3243 a
1123 3204 1190 3243 ma·

149 3274 188 3338 tis
210 3276 392 3365 disieffiffat?
419 3279 493 3342 Tam
511 3281 641 3368 prrffetto
664 3281 818 3347 videratur
838 3305 858 3344 a
883 3281 987 3345 banis:
1011 3291 1044 3344 at
1067 3279 1191 3345 certari

149 3377 254 3442 melias
274 3380 431 3466 eventffit:
458 3405 509 3444 mc
530 3393 591 3446 tam
603 3383 753 3468 flebiliter
774 3382 832 3447 itta
854 3394 1040 3460 cancrentur,
1071 3389 1095 3420 “
1112 3379 1191 3445 Har

151 3486 176 3521 “
190 3481 288 3545 anania
310 3482 379 3546 vidi
402 3481 603 3569 οόΡύοττιοηατὶ,ι
624 3485 745 3550 Priamo
774 3485 809 3550 vi
837 3486 934 3550 vitam
955 3483 1078 3563 evitari,
1103 3482 1192 3547 Jsois

151 3590 175 3623 “
191 3607 277 3647 aram
288 3585 443 3674 sangnine
458 3586 611 3672 turpari.’'
642 3586 737 3673 Quasi
747 3611 817 3653 vara
832 3586 886 3674 ista
900 3588 935 3652 vi
949 3585 1113 3675 quidquam
1129 3599 1191 3650 tam

114 3757 118 3763 ,
145 3686 275 3772 potuerit
296 3687 323 3749 ai
345 3687 446 3752 aralius
474 3686 614 3752 accidere.
659 3689 747 3774 Quod
761 3691 798 3775 st
821 3702 891 3754 aute
916 3689 1075 3778 accidifflt,
1101 3688 1192 3752 talem

149 3801 287 3854 eventum
308 3792 422 3855 omnino
444 3792 598 3881 amififflte
624 3794 676 3857 boc
697 3806 795 3858 autem
818 3807 942 3882 tempore
952 3795 1075 3881 scnjam
1094 3793 1191 3880 amsst

99 3934 103 3947 .
148 3891 306 3956 malorum.
345 3893 396 3957 Ita
417 3916 456 3958 ex
477 3893 668 3981 conjecturis
688 3895 828 3960 virorum
844 3895 1013 3960 dodtorum
1027 3895 1188 3983 legimus:

149 4015 284 4060 acumen
308 3995 351 4059 est
373 3995 406 4059 in
428 3997 524 4061 verbo
546 3996 691 4076 amittere,
716 3995 757 4061 de
778 3996 884 4061 vitatis
904 3997 997 4062 malis
1012 3996 1187 4083 usurpato:

149 4095 239 4160 talam
260 4111 397 4162 eventum
413 4099 462 4164 est
482 4098 607 4178 τοιαύτην
625 4100 725 4185 τύχην.
764 4099 905 4165 Priamus
920 4100 953 4164 iu
970 4100 1026 4165 tali
1040 4099 1189 4186 scriptio-

149 4198 200 4263 nis
219 4215 412 4288 argumento
425 4201 523 4267 habet
544 4201 755 4289 frequentiam
780 4203 844 4268 loci
866 4202 1061 4268 communis.
1098 4201 1189 4277 Hinc

149 4301 242 4368 fluxit
254 4302 395 4392 Agesilai
408 4303 648 4393 apophthegma
661 4326 696 4392 p.
708 4323 781 4372 211.
797 4307 847 4372 A:
870 4305 1084 4394 Μακαρίζοντος
1097 4305 1128 4371 δι’
1141 4332 1187 4370 το·
