2692 4770
360 323 414 382 nn
434 322 755 383 surrrsrnrona.
775 322 921 399 paean.
1094 330 1152 397 99⁵

17 470 20 475 ⁵
124 481 292 567 atheismum
311 484 434 565 dicunt,
454 487 603 550 universae
626 483 844 571 superstitioni,
868 485 930 547 srne
950 484 1149 570 exceptione,

123 588 286 669 anteponi.
323 589 396 675 Qua
418 589 448 652 in
469 589 617 674 opinione
633 587 784 674 quosdam
799 586 973 651 recentiore
986 597 1081 648 aetate
1096 584 1149 647 su·
1213 677 1218 686 ·

123 684 176 747 isse
205 704 334 772 apparet
362 712 400 752 ex
427 688 612 752 eorumdam
638 687 856 751 confutatione
882 685 1053 771 conjuncta
1074 706 1150 748 cum

123 784 305 851 laudatione
322 789 484 853 Plutarchi
499 789 584 875 apud
603 787 826 873 Tanaquillum
848 787 984 850 Fahrum
1007 786 1039 848 in
1064 787 1149 848 Prae·

123 886 241 951 satione
257 889 297 952 ad
318 890 404 953 hunc
426 890 542 953 librum
565 889 687 953 Gallice
706 888 827 952 versum
850 909 883 973 p.
899 906 953 971 30.
968 888 1055 973 sequ.
1079 900 1150 951 tum

123 1013 162 1054 ex
184 991 222 1054 iis
244 1014 316 1078 quae
337 992 476 1056 disseruit
500 994 534 1056 P.
548 990 665 1055 Bae'lius
683 990 715 1053 in
735 991 821 1076 Opp.
837 988 957 1052 Divers.
973 991 1012 1052 T.
1029 990 1091 1052 lll.
1114 1008 1148 1074 p.

125 1111 196 1176 123.
236 1094 274 1158 R.
292 1093 511 1158 Cudworthus
533 1094 665 1180 System.
685 1091 793 1155 Intell.
809 1091 890 1175 Cap.
903 1092 945 1155 V.
961 1089 993 1177 §
1007 1106 1150 1177 43—45.

122 1195 153 1258 J.
168 1192 211 1258 A.
229 1195 389 1259 Fabricius
404 1195 485 1258 Bibl.
503 1197 560 1258 Gr.
575 1194 650 1259 Vol.
667 1195 728 1257 111.
744 1216 777 1279 p.
793 1209 869 1277 351.
884 1191 910 1255 is
926 1192 1054 1278 quidem
1073 1214 1149 1278 pro·

123 1295 256 1379 positum
273 1296 434 1361 Plutarchi
447 1295 611 1383 aliquanto
629 1295 744 1359 rectius
761 1293 953 1380 intelligens.
992 1297 1046 1373 Et,
1063 1296 1082 1359 fi
1098 1317 1149 1360 re·

123 1396 174 1459 ote
189 1397 333 1475 memini,
356 1398 397 1460 est
419 1419 547 1482 quoque
568 1399 599 1462 J.
616 1398 667 1460 Fr.
683 1394 807 1460 Buddei
821 1394 902 1458 liber
916 1397 967 1459 De
981 1395 1150 1461 Atheismo
1242 1452 1246 1459 .

124 1509 157 1559 et
180 1497 416 1583 superstitione,
440 1498 497 1560 ubi
522 1497 597 1561 huic
619 1496 658 1560 de
680 1494 852 1559 Plutarcho
876 1495 1038 1582 quaestioni
1059 1494 1150 1561 locuo
1174 1509 1175 1512 ’

123 1596 227 1662 datur.
263 1598 419 1683 Equidem
440 1621 503 1662 non
520 1599 546 1662 is
562 1599 629 1663 sum
644 1598 699 1684 qui
716 1597 962 1662 acutissimorum
979 1598 1150 1664 hominum

117 1697 248 1784 judiciis
265 1722 373 1764 rneum
391 1700 551 1787 judicium
575 1701 790 1786 interponam:
814 1700 892 1764 illud
916 1716 1026 1765 tamen·
1045 1702 1149 1766 anim·

123 1800 285 1865 adtertisle
304 1802 383 1865 mihi
399 1802 516 1880 videor,
533 1804 639 1866 necin
657 1801 818 1866 Plutarchi
832 1802 936 1866 caussa
950 1802 1150 1869 reticendum
1273 1796 1276 1801 ⁸

122 1901 267 1982 arbitror,
296 1901 435 1966 multum
467 1903 653 1966 temeritatis
680 1903 792 1966 versari
821 1903 852 1965 in
885 1902 1151 1989 disputationibus
1241 1938 1247 1946 ·

123 2002 337 2089 complurium
353 2004 392 2067 de
414 2005 476 2069 hoc
496 2018 688 2090 argumento
710 2004 754 2067 ita
774 2003 1001 2084 disserentium,
1012 2018 1058 2101 'ut
1080 2004 1151 2071 dia·

121 2105 243 2170 leeticae
258 2106 316 2170 viae
331 2106 362 2170 in
379 2106 571 2188 definiendo,
586 2104 768 2184 dividendo,
783 2104 959 2190 partiend0,
975 2129 1150 2194 argumen-

122 2206 232 2287 tand0,
260 2208 382 2272 nullam
404 2209 559 2272 rationem
585 2209 715 2272 ducant.
759 2208 858 2286 Nam,
883 2229 954 2293 quae
975 2210 1019 2273 est
1040 2210 1150 2296 super·

121 2308 221 2372 ilitio?
239 2331 309 2394 quae
324 2310 458 2388 ἀθεότης)
476 2331 547 2395 quae
562 2311 675 2373 harum
691 2307 829 2393 species?
854 2307 910 2394 qui
922 2309 1062 2395 gradus?
1088 2311 1151 2377 Hie

122 2410 254 2476 demum
276 2411 433 2497 explicitis
452 2426 486 2478 et
506 2413 590 2478 inter
603 2414 632 2478 se
651 2412 842 2499 comparatis
864 2412 1000 2500 intelligi
1018 2412 1149 2500 poterit,

121 2534 193 2597 quae
208 2512 352 2591 ἀθεότητος
367 2513 485 2600 speeies
499 2514 552 2578 cui
572 2513 794 2601 superstitionis
816 2513 941 2601 speciei,
958 2513 1013 2599 qui
1030 2515 1150 2600 gradus

121 2613 217 2699 hujus
232 2614 284 2677 cui
298 2614 412 2701 gradui
435 2615 530 2695 illius,
545 2615 694 2679 anteferri
714 2627 771 2679 aut
791 2615 934 2700 postponi
948 2615 1073 2680 debeat.
1096 2617 1149 2683 Ac

120 2715 271 2799 primum,
288 2716 319 2779 in
339 2716 409 2802 ipsis
424 2715 497 2796 illis,
513 2715 553 2780 de
571 2714 686 2802 quibua
708 2716 825 2802 agitur,
847 2716 941 2782 rebus
963 2716 1150 2783 definiendis

120 2838 238 2902 magna
252 2818 295 2880 est
309 2815 490 2881 difficultas.
521 2818 725 2904 Quamquam
741 2817 859 2880 atheum
873 2817 1002 2905 quidem
1017 2814 1150 2883 desinire

122 2938 185 2980 non
203 2916 329 2981 difficile
344 2916 489 2998 videtur3
513 2917 632 3004 quippe
645 2940 709 3004 quo
728 2918 794 3002 ipso
808 2918 938 2982 nomine
959 2916 1151 3004 significetur

121 3016 147 3079 is
169 3018 220 3102 qui
240 3017 356 3081 nullum
370 3018 424 3102 effe
439 3020 524 3080 dertm
543 3029 636 3104 putet.
674 3017 775 3105 Atqui
796 3017 868 3082 haee
886 3019 983 3082 etiam
1004 3019 1150 3084 definitio

120 3140 185 3181 non
202 3117 411 3205 intelligatur,
426 3119 479 3182 nisr
494 3133 587 3183 antea
601 3117 782 3184 declaretur
794 3118 870 3206 quid
885 3120 920 3183 sit
939 3119 971 3182 id
985 3119 1072 3206 quod
1088 3120 1150 3184 Dei

120 3219 274 3282 vocabulo
289 3220 510 3306 significemuS,
524 3220 656 3284 omnino
670 3243 742 3306 quae
759 3221 795 3284 srt
810 3220 953 3286 delinitio
968 3221 1039 3283 Dei.
1074 3222 1148 3285 Jam

121 3343 217 3384 nemo
240 3321 367 3406 ignorat
388 3335 584 3408 quantopere
609 3323 641 3385 in
667 3322 798 3386 notione
819 3344 856 3387 ac
883 3322 1066 3387 definitione
1089 3324 1151 3387 Dei
1226 3382 1246 3404 ,Ι

120 3421 301 3486 dissentiant
316 3445 380 3486 non
398 3423 496 3487 modo
518 3423 647 3486 universi
662 3423 784 3510 populi,
800 3423 852 3488 sed
867 3437 900 3488 et
913 3425 1025 3510 singuli
1040 3423 1147 3489 homi·

120 3545 195 3587 nes:
221 3547 279 3589 nec
302 3524 403 3589 solum
425 3525 551 3612 vulgus,
575 3526 628 3590 sed
649 3541 683 3590 et
704 3526 878 3613 sapientes;
901 3527 945 3591 ita
962 3527 1092 3613 quidem
1110 3541 1150 3592 ut
1265 3570 1267 3575 -

119 3647 185 3712 quo
207 3627 312 3711 plures
335 3642 440 3713 partes
454 3628 525 3706 sint,
540 3650 578 3691 ex
593 3628 710 3714 quibus
731 3628 799 3692 haec
822 3628 912 3693 notio
928 3629 1150 3709 constituatur,

119 3748 158 3789 eo
173 3728 279 3790 minus
297 3727 328 3790 in
350 3750 387 3791 ea
405 3728 613 3792 consentiant.
650 3727 714 3793 Sed
729 3728 780 3792 fac
794 3728 855 3793 esse
868 3728 923 3814 qui
937 3751 1008 3793 eam
1023 3729 1149 3815 paucis·

120 3829 202 3896 fimis
216 3831 447 3917 compleelatur
465 3829 723 3918 proprietatibus,
738 3843 776 3893 ut
789 3829 875 3894 dicat
887 3831 986 3896 Deum
1000 3831 1053 3916 effe
1065 3855 1149 3900 mena

42 3937 45 3944 '
119 3941 176 3992 tem
204 3936 357 4012 aeternnm,
384 3932 510 3995 omnium
534 3955 631 3994 rerum
659 3930 825 3994 creatricem
846 3942 875 3993 ct
899 3931 1149 4016 gubcmatricem.

119 4032 237 4111 Erunt,
253 4032 308 4120 qui
323 4055 397 4097 curn
411 4054 537 4118 parum,
551 4045 657 4112 erunt,
670 4032 726 4118 qui
741 4031 876 4096 nimium
892 4031 997 4096 dixisse
1012 4045 1148 4125 putent:

120 4134 224 4198 neutri
250 4134 280 4198 se
303 4132 414 4197 atheos
438 4133 559 4212 volent,
584 4131 712 4218 utrique
732 4136 767 4197 'et
788 4132 876 4197 hunc
899 4148 933 4197 et
958 4131 989 4197 se
1013 4131 1149 4197 invicem

120 4234 231 4299 atheos
253 4233 374 4300 dicent.
409 4233 584 4315 Nimirum,
609 4232 761 4320 inquiunt
782 4232 886 4314 alteri,
909 4233 971 4300 Dei
994 4233 1071 4301 notio
1093 4257 1152 4299 non

594 4355 613 4422 3
628 4355 644 4401 θ
660 4355 680 4409 ²
1077 4354 1079 4359 ’
