2692 4770
156 317 218 376 624
296 317 335 376 D.
350 316 402 373 W.
421 315 629 374 ANIMADV.
650 315 698 375 IN
719 315 949 375 PLUTARCHI
970 316 1044 374 LIB.

155 478 269 544 orniffis
290 478 395 542 minus
410 476 506 555 notis,
522 476 619 543 veluti
633 476 683 556 iis,
699 499 771 564 quae
793 477 826 542 in
844 477 908 543 hoc
927 476 1088 543 Plutarchi
1110 475 1189 543 loco

155 580 335 644 traduntur.
360 578 523 668 Quosdam
537 594 571 643 et
584 578 762 666 praecipuoe
775 580 920 646 auctores
933 579 1072 645 laudavit
1083 581 1186 646 Valc-

154 679 305 746 kenarius
329 680 370 744 ad
393 680 582 745 Orationem
609 680 662 744 De
686 681 832 767 Philippo
853 682 1033 748 Macedone
1056 703 1090 768 p.
1106 686 1185 751 226.

155 784 366 871 Cognominis
378 785 541 848 Promethei
553 806 616 850 non
628 784 754 865 diserta,
765 786 851 872 quod
863 786 969 864 sciam,
981 787 1079 850 exstat
1088 809 1186 851 men-

153 889 211 953 tio.
257 888 451 976 Conjectura
471 889 653 977 colligitur:
676 890 827 975 primum,
842 890 928 978 quod
945 890 1097 954 eumdern
1118 890 1187 955 hoc

154 989 283 1054 nomine
297 990 419 1054 afficere
433 987 557 1054 videtur
570 989 751 1074 Xenophon
771 1013 810 1055 ex
831 991 961 1076 persona
973 990 1184 1055 Theramenis

154 1090 415 1177 reprehendentis
430 1089 576 1170 Critiam,
592 1090 647 1176 qui
660 1091 771 1155 absens
791 1091 888 1156 fuerit
905 1091 1045 1156 Athenis
1060 1096 1087 1154 ἐν
1101 1096 1183 1155 Oet·

151 1191 240 1277 ταλίᾳ
252 1195 325 1273 μετὰ
346 1191 515 1277 Προμηθέως
538 1191 721 1278 δημοκρατίαν
741 1194 967 1272 nurmandiam,
986 1193 1032 1273 aa)
1051 1192 1101 1268 τίς
1120 1220 1183 1257 err·

152 1294 231 1368 νὲςας
245 1293 359 1376 ὥπλιζεν
377 1294 418 1356 ἐπί
432 1294 493 1366 τοὺς
507 1292 650 1371 ironicae,
666 1292 908 1359 Hellenicorurn
922 1295 967 1357 ll.
986 1314 1019 1379 3.
1038 1294 1097 1359 18:
1122 1295 1182 1364 de·

154 1395 228 1460 inde
243 1394 330 1481 quod
343 1392 455 1458 eadem
470 1393 540 1459 haec
558 1392 673 1459 ulceris
691 1396 810 1461 sanatio
824 1397 865 1460 ab
878 1396 947 1461 aliie
962 1398 1183 1485 compluribus

76 1581 79 1587 Δ
155 1495 357 1582 scriptoribus
380 1492 421 1557 ad
440 1493 587 1559 Jasonem
610 1494 774 1561 Pheraeum
796 1497 942 1561 refertur.
985 1499 1072 1562 Nam
1093 1497 1184 1585 quod

100 1595 104 1600 ’
153 1599 240 1665 idern
262 1597 368 1684 prodit
389 1619 464 1661 cum
486 1597 616 1662 nomine
639 1599 820 1664 Promethei
840 1601 976 1665 'laetzea
991 1600 1033 1666 ad
1052 1601 1183 1668 Hesiodi

149 1701 239 1790 Ἔςγ.
252 1719 325 1786 279.
340 1722 372 1786 p.
385 1715 439 1782 71.
451 1722 491 1763 ex
506 1699 666 1765 Plutarchi
683 1699 809 1785 perdito
821 1700 1063 1767 Commentario
1072 1704 1183 1771 fluxit:
1213 1753 1215 1757 ψ

154 1807 271 1884 Λυκίδης
284 1810 298 1868 ὁ
316 1806 452 1890 Ἀργεῖος·
476 1803 551 1878 ileos
564 1807 623 1889 γὰρ
635 1802 724 1867 θέλων
738 1808 842 1869 &rimie
855 1803 1012 1892 Πςομηθία
1024 1808 1087 1869 τινὰ
1100 1810 1182 1871 &er-

152 1909 249 1984 ταλὸν,
264 1913 342 1987 φῦμα
358 1903 472 1990 ἔχοντα,
484 1903 588 1978 παίσας
601 1909 641 1988 τῷ
653 1903 723 1988 ξίφη
736 1908 825 1992 παρὰ
836 1907 868 1969 ri
882 1912 972 1988 φῦμα,
991 1906 1103 1970 lairere·
1125 1907 1183 1973 ubi

154 2006 303 2073 credibile
322 2005 364 2069 est
380 2006 534 2070 Tretzem
553 2004 685 2090 posuille
696 2011 760 2070 τινὰ
774 2005 916 2096 aliquem,
931 2027 989 2093 pro
1003 2019 1110 2073 uetere
1122 2010 1182 2089 τὸν,

153 2106 239 2194 quod
254 2125 435 2192 cognomen
452 2103 515 2169 hoc
528 2105 634 2170 Jasoni
648 2103 737 2171 fuine
751 2106 922 2191 ignoraret.
946 2106 1110 2172 Ceterum
1124 2122 1181 2174 aut

152 2207 258 2286 fallor,
269 2221 325 2270 aut
335 2204 481 2269 adhibuit
496 2205 586 2271 hmul
599 2219 747 2292 excerpta
759 2206 945 2272 Plutarchee
954 2205 1051 2295 hujus
1061 2207 1181 2275 libellis

152 2309 185 2375 in
200 2307 315 2395 quibus
329 2329 429 2392 quum
443 2306 619 2393 proximam
632 2306 751 2372 videret
764 2307 960 2373 mentionem
972 2308 1102 2395 chdae
1111 2310 1181 2375 Ar·

150 2413 232 2501 girei,
254 2411 342 2476 hunc
367 2409 446 2474 fecit
468 2410 703 2484 interfectorem
729 2410 922 2475 Promethei.
961 2411 1077 2478 Cicero
1099 2414 1180 2482 Nat.

151 2514 253 2579 Deor.
270 2513 331 2575 Ill.
348 2529 410 2597 29:
434 2533 487 2573 nec
504 2510 597 2597 prode
618 2536 633 2574 e
655 2509 777 2594 (voluit)
802 2512 926 2576 Pheraeo
944 2511 1048 2599 Josoni
1069 2513 1107 2593 ir,
1130 2513 1183 2602 qui

148 2616 255 2704 gladio
276 2616 421 2680 vomicam
437 2615 498 2702 ejus
516 2613 644 2702 openeit,
665 2637 754 2700 quum
764 2614 881 2698 sanare
894 2614 997 2678 medici
1017 2638 1075 2680 non
1092 2628 1181 2704 potu·

151 2729 249 2780 mant.
294 2713 412 2780 Plinius
433 2713 511 2778 VII.
527 2728 590 2800 51:
614 2712 755 2778 Pberaeur
772 2711 865 2799 Jasem
885 2725 948 2777 tum
969 2712 1182 2802 deploratura

151 2818 268 2882 medicis
296 2818 327 2881 in
354 2817 475 2889 vomica
499 2815 608 2895 morbo,
634 2839 725 2903 quum
748 2828 866 2881 mortem
891 2817 925 2881 iu
944 2818 1008 2882 acie
1027 2830 1181 2906 quereret,

9 2930 17 2943 “
151 2920 308 2982 vulnerato
319 2927 432 3005 pectore
448 2918 619 2981 medicinam
633 2918 749 2982 incenit
762 2942 799 2983 ex
811 2917 895 3005 balle.
927 2919 1075 2987 Valerius
1089 2923 1181 2988 Max.

152 3021 179 3085 Ι.
195 3021 226 3083 8.
254 3020 383 3083 extem.
403 3021 444 3083 6:
479 3019 610 3084 Divinae
624 3019 765 3106 fortuna
791 3021 903 3084 vulnus
928 3023 1049 3087 Pheraeo
1076 3023 1181 3111 Jasomi

150 3119 272 3208 quidam
293 3121 377 3183 exitii
399 3121 458 3208 ejus
479 3120 602 3208 cupidus
624 3119 739 3185 intulit.
775 3121 856 3185 Nam
873 3146 939 3185 cure
960 3122 1037 3187 inter
1059 3125 1182 3210 infidias

145 3223 253 3311 gladio
267 3246 332 3286 eum
350 3221 535 3311 perereffiffet,
554 3223 788 3310 comicamque
799 3246 821 3288 a
834 3223 915 3290 nullo
934 3226 1107 3290 medicorum
1118 3229 1181 3314 sc·

150 3325 221 3390 mari
240 3336 388 3413 potuerat,
407 3325 450 3387 ita
466 3324 558 3412 rupit,
576 3337 610 3390 ret
626 3324 768 3389 homimem
779 3324 915 3414 pestifero
932 3325 1009 3391 malo
1027 3327 1181 3396 liberaret.

151 3427 281 3514 Spectat
303 3425 418 3491 eodem
440 3427 561 3491 Seneca
577 3426 629 3491 De
647 3426 814 3492 Beneficiis
838 3427 961 3515 ll.19=
991 3429 1088 3494 Tuber
1109 3431 1179 3519 qui·

150 3528 219 3589 dam
242 3526 361 3615 tyranni
380 3526 487 3612 gladio
506 3525 618 3610 diviſse,
634 3526 686 3613 qui
700 3526 820 3591 adeum
840 3529 1025 3593 occidendum
1039 3543 1181 3595 veneram

150 3652 209 3692 mom
227 3629 290 3692 ideo
309 3628 356 3692 illi
377 3642 519 3715 mranumr
534 3628 655 3716 gratias
670 3628 744 3715 egit,
759 3630 839 3716 quod
855 3654 928 3712 rem,
947 3655 1038 3719 quam
1054 3634 1181 3699 medico·

149 3752 217 3794 rum
237 3754 342 3795 merrus
360 3731 637 3816 reformidavcront,
650 3730 774 3794 nocendo
783 3733 925 3820 feracem.
960 3736 1053 3820 Quor
1066 3736 1108 3802 ad
1129 3736 1180 3802 lo·

150 3853 206 3902 cos
221 3831 367 3916 quaedam
383 3845 535 3895 notumnt
550 3831 759 3917 interperes:
783 3846 817 3897 et
832 3834 954 3899 seorhm
970 3836 1005 3900 P.
1015 3837 1180 3903 Victorius

149 3935 227 4000 Var.
242 3933 331 3997 lect.
343 3933 468 4018 Vll.9r
490 3933 542 3998 Jo.
556 3933 709 3998 Brodaeue
722 3934 861 4000 Miscell.
871 3935 899 4001 l.
913 3954 967 4024 23.
993 3938 1179 4006 Getalterua

149 4032 189 4099 ed
204 4035 255 4098 M.
271 4033 426 4098 Antonin.
444 4035 489 4097 ll.
507 4035 558 4098 16.
572 4055 606 4121 p.
620 4050 676 4120 55.

194 4137 246 4222 89.
256 4137 301 4200 D.
323 4135 452 4222 καθάπερ
466 4141 490 4199 ol
503 4136 674 4210 παλαίοντες
688 4141 736 4216 τὴν
755 4137 880 4225 κίνιν-]
905 4139 994 4205 Nota
1006 4163 1058 4208 ree
1072 4165 1112 4208 ex
1125 4142 1179 4208 lu·

106 4236 112 4245 '
150 4233 209 4319 „cire
218 4257 310 4319 ¹more
322 4261 342 4321 :¹
353 4256 451 4323 quem
465 4233 562 4303 etiam
578 4235 709 4325 atthrgit
723 4236 1072 4331 Plutarchussympos.
1087 4243 1179 4329 1t4.
