2692 4770
154 325 214 384 aad
346 327 385 398 D.
397 327 448 384 W.
468 327 678 386 ANIMADV.
698 327 745 385 IN
766 324 998 385 PLUTARCHI

177 500 180 507 '
200 479 272 572 1'27.
289 487 330 554 C.
352 489 526 578 πνεύματος]
552 490 744 556 Notavimus
760 513 793 577 p.
811 511 882 555 101.
897 491 942 555 D.

200 606 272 674 127.
288 590 328 655 C.
352 597 376 655 ui
390 592 496 676 ἁγαθοὶ
510 593 669 678 ναύκληροι]
690 591 774 658 Istud
788 592 894 676 ἀγαθοὶ
910 590 1015 655 nescio
1027 586 1193 675 quomodo

154 681 310 778 displicet.
333 694 498 782 Amyotus
511 695 642 782 quidem
658 718 723 760 non
738 692 888 759 reddidit.
911 691 1069 779 Equidem
1084 688 1192 766 ἄθλιοι,

154 806 210 857 aut
233 793 357 880 quidvis
379 795 499 882 potius,
517 818 613 882 quam
633 797 812 884 vulgatum,
835 793 977 859 mallem.
1014 794 1085 856 Nec
1108 791 1194 856 reue

155 893 245 958 homes
268 893 404 973 dicatur,
427 895 483 981 qui
505 895 690 982 exemplum
712 894 779 959 vitii
802 892 949 981 fugiendi
969 889 1112 978 ponitur.
1156 890 1194 953 lu

153 997 240 1062 bono
257 1019 295 1062 ac
319 997 479 1084 sequendo
501 999 648 1064 censetur
668 996 756 1084 apud
776 997 942 1063 Philonem
962 995 1038 1062 Jud.
1062 998 1191 1080 Fragm.

153 1099 192 1164 T.
217 1099 261 1163 II.
287 1121 321 1187 p.
336 1101 421 1184 667:
450 1102 520 1162 Ἐὰν
543 1100 626 1178 δόξης·
641 1098 687 1180 καὶ
709 1105 800 1187 ἀρχῆς
822 1098 901 1182 μίγα
923 1097 1051 1180 φυούσης
1075 1096 1193 1176 ipimus,

154 1203 276 1290 κιθᾶπορ
289 1208 346 1282 νηὸς
360 1206 471 1289 ἀγαθὸς
486 1203 657 1292 κνὸορνῆπης,
669 1209 718 1283 τὴν
733 1209 847 1282 πολλὴν
866 1213 920 1268 τῶν
943 1202 1016 1276 ἷςίιον
1031 1200 1120 1286 χύσιν
1134 1203 1192 1271 55·

153 1321 212 1370 λον·
237 1306 281 1369 ἵνα
301 1312 340 1388 μὴ
363 1311 398 1382 εἰς
414 1307 530 1382 ἀτόπους
547 1308 657 1394 πράξας
677 1309 893 1394 ὲκῖφαχηλοιθῇς·
917 1306 963 1371 ita
983 1299 1193 1388 corrigendus

152 1407 244 1473 locus
258 1409 355 1496 vulgo
369 1408 552 1474 mendosus.

200 1528 272 1593 127.
286 1511 326 1575 C.
350 1512 551 1598 ὑπεξαῖρονπος]
575 1512 764 1601 [egendum
778 1511 902 1578 videtur
916 1513 1117 1597 ὑπεὲαοφένπος.
1141 1507 1193 1571 lta

155 1611 235 1676 solet
251 1610 440 1676 Plutarchus
453 1613 600 1698 Sympos.
615 1614 658 1678 V.
675 1634 707 1698 p.
718 1613 795 1697 673.
808 1612 847 1676 B.
864 1607 1107 1696 ὑπεξαιρουμένοις.
1131 1605 1192 1672 Vi·

155 1728 215 1777 tar.
232 1733 264 1798 p.
279 1731 353 1798 209.
368 1713 410 1776 A.
425 1717 573 1790 ὑπεξελεῖν.
594 1732 670 1797 472·
682 1712 722 1778 C.
738 1717 812 1797 670.
826 1715 864 1776 Ε.
883 1712 1085 1793 ὑπεξελόμενος.
1115 1710 1191 1794 769.

153 1816 193 1881 Β.
219 1832 311 1901 1019.
326 1816 369 1878 D.
383 1814 567 1893 ὑπεξελέθοοςι
585 1817 624 1879 Β.
638 1815 853 1904 ὅποξηςημένοος.
876 1816 923 1878 At
933 1812 1082 1900 ὑποξαῖςαν
1092 1810 1193 1876 Verbi

41 1966 46 1975 .
155 1917 300 2005 partibus
314 1917 470 2002 nusquam
485 1915 560 1981 usus
573 1916 632 1981 est:
656 1915 748 2003 cujus
769 1931 876 1981 tamen
896 1913 1040 2001 exempla
1058 1912 1124 1977 duo
1139 1926 1192 1977 at·

154 2009 241 2084 tulit¹
254 2021 299 2083 H.
315 2017 498 2104 Stephanus
510 2018 606 2082 Thes.
622 2021 660 2083 L.
675 2021 734 2084 Gr.
748 2022 787 2084 T.
804 2021 831 2084 Ι.
854 2041 887 2104 p.
903 2036 977 2084 212.
998 2038 1037 2082 ex
1059 2016 1192 2081 Platone

153 2135 187 2186 et
201 2118 441 2205 Xenophonte:
463 2141 601 2205 quorum
617 2119 698 2184 illud
710 2120 754 2185 est
766 2142 806 2185 ex
818 2121 987 2184 Theaeteto
1003 2141 1035 2206 p.
1053 2118 1127 2182 118.
1142 2118 1169 2182 B
1181 2144 1193 2183 ο

154 2219 201 2300 11οᾶ
218 2224 264 2286 uu
282 2219 340 2308 aiga
357 2219 538 2303 ακοποῦμενός
558 2246 586 2284 τι
605 2218 640 2285 ὦν
661 2218 694 2284 ἂν
715 2219 1029 2308 λέγης-ύπεξαῖφοομας
1050 2218 1097 2296 καὶ
1117 2225 1190 2284 ἁπο-

153 2322 314 2389 Clam-2
339 2321 419 2386 illud
437 2344 477 2385 ex
498 2322 642 2388 Hierone
659 2325 699 2388 V.
717 2342 748 2390 2.
772 2320 837 2386 ὅταν
852 2325 914 2397 τοὺς
933 2323 1057 2396 τοιούτοις
1078 2324 1124 2385 διὰ
1144 2323 1192 2386 τὸν

153 2424 232 2511 φοὸοο
245 2428 449 2513 &despumas
468 2413 607 2511 quorum
622 2424 655 2488 in
669 2436 808 2511 utroque
821 2423 958 2489 alterum
972 2425 1118 2490 Verbum
1133 2429 1189 2488 ὑπ-

152 2531 301 2615 οξαιρῶμας
315 2540 350 2592 et
364 2530 570 2614 ὑπεξαιςῶνςας,
585 2525 736 2591 credibile
749 2527 792 2590 est
807 2526 906 2591 fuisse.
944 2526 1008 2592 Sed
1026 2527 1189 2592 infinitum

152 2632 195 2695 est
209 2629 354 2716 exempla
369 2628 540 2707 recensere,
556 2628 612 2694 ubi
627 2627 708 2716 aipiu
721 2643 755 2694 et
769 2627 837 2714 αἴρω
850 2650 1026 2714 eorumque
1042 2628 1189 2717 Compo-

152 2733 208 2798 fita
220 2730 470 2810 confundantur,
489 2753 625 2820 quorum
649 2733 681 2796 in
705 2732 802 2821 longe
824 2732 970 2820 plurimis
991 2735 1074 2818 αἱρεῖν
1096 2753 1189 2797 revo-

151 2835 310 2901 candum:
333 2858 429 2922 quem
452 2835 559 2901 locum
580 2836 748 2924 attigimus
768 2837 846 2901 olim
862 2835 894 2899 in
909 2835 1063 2900 Animad.
1085 2834 1126 2899 ad
1148 2834 1189 2899 li·

151 2935 272 3003 bellum
288 2937 340 3000 De
354 2938 422 3000 Ser.
438 2937 539 3001 Num.
555 2935 655 3001 Viud.
676 2959 709 3022 p.
726 2938 757 3000 8.
772 2951 807 3002 et
825 2957 897 3018 141.
920 2950 954 3001 et
968 2936 1045 3000 alias
1060 2937 1190 3001 uberius

150 3037 368 3103 tradabimus.
414 3037 512 3101 Verbi
531 3038 681 3126 ὑποξαιςίω
700 3038 846 3125 exempla
871 3037 1054 3124 Stephanus
1079 3039 1190 3102 attulit

152 3140 196 3205 ib.
211 3161 244 3226 p.
264 3156 335 3225 197.
352 3139 429 3202 item
447 3139 628 3227 ὑπιξαίςεσις,
646 3140 734 3227 quod
750 3153 782 3203 et
797 3140 829 3202 in
846 3139 1017 3204 Plutarcho
1036 3139 1079 3202 est
1101 3140 1188 3225 Opp.

151 3244 238 3306 Mor.
262 3262 295 3326 p.
311 3243 385 3327 635.
401 3243 444 3305 A.
468 3245 542 3327 673.
558 3243 596 3306 B.
622 3242 716 3306 1088.
734 3241 774 3306 C.
810 3240 879 3305 Vit.
896 3243 949 3326 65.
966 3243 1004 3304 E.
1042 3242 1090 3304 At
1113 3243 1188 3306 nus·

150 3366 247 3430 quam
261 3357 318 3407 aut
332 3342 418 3428 apud
437 3342 536 3422 hunc,
558 3357 615 3407 aut
634 3343 720 3430 apud
740 3343 831 3421 alios,
853 3341 1012 3430 οπὲξαςσνς,
1035 3357 1092 3406 aut
1115 3365 1188 3409 om·

151 3445 229 3510 nino
243 3444 386 3532 profudia
398 3467 416 3508 a
430 3446 540 3510 Verbo
554 3445 689 3531 ὑπεξαῖρα
704 3444 856 3510 Nomina.
973 3491 975 3494 ψ

196 3566 268 3629 127.
280 3545 321 3610 C.
344 3542 447 3629 φελλοῦ
466 3545 539 3624 δίκην
556 3549 606 3610 ὑπὸ
627 3545 777 3630 κυφότητος
791 3545 982 3633 breciam]
1009 3546 1188 3633 Compara·

150 3649 196 3713 tio
218 3647 311 3711 fluxit
331 3671 350 3711 a
373 3646 509 3712 Pindaro
538 3648 633 3736 Pyth.
659 3651 702 3712 ll.
728 3650 807 3729 148:
831 3645 976 3723 ἆὸάπλςός
998 3653 1065 3730 οἰμν,
1089 3651 1190 3729 φολλός

148 3748 194 3828 ὣς,
216 3750 281 3835 ὑπὲρ
300 3747 375 3835 ἕρκος
396 3747 498 3832 ἅλμης.
534 3749 657 3814 Eodem
673 3750 808 3814 refertur
823 3750 970 3836 Sympos.
986 3752 1046 3813 Vl.
1063 3749 1134 3813 init.
1156 3772 1189 3836 p.

149 3853 223 3916 686.
240 3851 285 3914 B:
309 3849 388 3934 μίγα
401 3855 459 3936 γὰρ
473 3853 508 3926 ὥς
526 3856 638 3930 ἀληθῶς
653 3851 793 3936 εὐημιφίας
811 3851 913 3934 ἑφόδιον
932 3852 1067 3937 εὐκρασία
1085 3851 1189 3935 σώμα-

147 3979 193 4028 τος
207 3949 342 4024 &dadin
363 3949 410 4029 aa)
429 3956 559 4040 ἐλαφροῦ·
583 3950 693 4038 attigit
716 3949 827 4014 fimilia
849 3951 997 4016 Erasmus
1019 3950 1128 4039 Adag.
1154 3974 1187 4038 p.

150 4071 243 4142 1925.

193 4176 264 4242 127.
279 4157 323 4221 D.
345 4155 532 4242 προπαθείαις
555 4153 602 4233 καὶ
621 4156 833 4243 ωςοαοὸἦαεοι]
869 4155 957 4225 Prius
977 4178 1043 4219 non
1067 4155 1188 4222 habent

148 4259 265 4340 Latini,
280 4258 445 4346 quomodo
458 4281 525 4322 uno
541 4256 676 4323 reddant
689 4256 845 4324 vocabulo
850 4281 861 4340 3
883 4277 987 4346 neque
1000 4257 1088 4325 enim
1097 4273 1184 4346 pra·
