2692 4770
300 286 941 367 APOPHTH.REG.E⁴1'DUO.p.1sa.D.
1056 293 1130 347 ιοοι

109 448 233 513 ensibus
247 448 286 514 ab
301 450 468 539 Antigono
487 452 630 518 obsessisr
654 475 732 538 quas
751 475 801 518 res
823 450 934 516 cursim
955 445 1136 536 perstringit

111 550 275 615 Pausanias
295 554 322 615 I.
339 573 368 616 1.
382 565 415 616 et
431 569 461 637 7.
499 554 561 619 Sed
583 554 750 642 Antigono
771 569 804 619 et
827 551 971 618 Patroclo
992 550 1135 616 adversa·

109 651 172 715 rias
193 652 300 717 classes
320 655 538 720 obtinentibus
557 655 676 742 aliquid
699 678 756 743 per
777 655 907 721 nuntios
929 652 1135 719 cavillationis

108 752 317 834 intercessisse,
334 757 428 821 refert
442 780 481 821 ex
497 757 673 845 Phylarcho
695 759 871 823 Athenaeus
883 758 978 822 VIII.
1002 777 1035 842 p.
1048 774 1133 843 334:

110 871 143 920 et
156 856 296 922 indidem
311 858 436 924 sortasse
450 861 591 926 sumserit
606 861 800 926 mentionem
822 859 918 948 hujus
939 881 1057 946 pugnae
1077 880 1135 923 na·

107 956 185 1019 valis
199 960 241 1021 V.
264 981 297 1045 p.
315 979 387 1046 209.
409 962 454 1025 E:
477 961 635 1049 παρέλιπον
650 963 677 1025 δὲ
692 960 759 1026 sads
772 959 828 1045 ἔγνθ
840 965 888 1038 τὴν
904 960 1050 1044 Ἀντνγίνο
1065 963 1136 1046 ίοροὶν

107 1057 211 1144 τριήρη,
225 1057 243 1144 ᾗ
256 1060 360 1138 ivianus
374 1064 434 1137 τοὺς
449 1063 628 1145 Πτολεμαίου
642 1065 796 1153 ςρατηγοῦς
816 1066 883 1152 οτορί
901 1062 1073 1128 Λουκοίλλαν
1089 1067 1137 1138 τῆς

108 1156 206 1236 Κοίας,
224 1163 308 1239 inuisi
323 1163 349 1225 li
364 1164 411 1226 καί
425 1170 465 1249 τῷ
477 1164 634 1229 Ἀτίλλοονν
649 1171 731 1245 miris
744 1165 884 1243 οἰνὲθηκνν.
916 1164 1037 1229 Navem
1053 1162 1137 1227 hanc

109 1277 266 1326 memorat
280 1261 468 1328 Plutarchus
483 1266 629 1353 Sympos.
641 1267 684 1330 V.
699 1285 732 1351 3.
754 1288 787 1352 p.
803 1268 877 1350 676.
890 1265 939 1330 D:
961 1261 1137 1348 ἡἈντνγίνο

109 1362 242 1447 ναυαρχὶς
265 1365 436 1443 ἀναφύσασα
461 1367 528 1451 οτορί
553 1365 686 1453 versuras
709 1369 870 1449 αὐτομάτας
894 1364 1011 1444 σέλινον,
1031 1361 1138 1446 Ἰοθροίι

109 1462 288 1543 ντανομῦιθη.
325 1467 465 1552 Tempus
488 1467 587 1554 igitur
612 1465 692 1531 illud
716 1466 829 1531 incidit
853 1467 885 1531 in
907 1487 981 1531 eum
1003 1486 1137 1546 annum,

108 1561 165 1648 qui
183 1563 224 1625 est
247 1564 411 1629 Ptolemaei
436 1564 633 1652 Philadelphi
653 1567 702 1631 18.
722 1564 916 1653 Lagidarum
929 1566 983 1650 56.
1004 1564 1138 1653 Olymp-

110 1662 299 1729 CXXVIII.
318 1686 346 1729 1.
369 1667 542 1731 secuudum
562 1669 595 1733 J.
610 1666 818 1733 Vaillantium
839 1666 920 1732 Hist.
944 1666 1077 1732 Ptolem.
1101 1686 1137 1754 p.

108 1782 163 1850 31.
178 1764 268 1851 cujus
284 1767 414 1832 annales
428 1768 488 1832 hac
503 1769 666 1833 mentione
682 1766 868 1855 locupletari
884 1780 1042 1854 poterant.

155 1867 226 1950 183.
244 1869 287 1931 D.
310 1867 352 1951 γ’.
374 1870 598 1956 'Proximis—J
627 1868 715 1933 Hinc
736 1866 842 1932 sumsit
863 1868 1011 1933 Stobaeus
1029 1865 1138 1934 norit.

109 1962 173 2028 Iit.
198 1965 288 2030 LIII.
312 1987 346 2052 p.
361 1969 446 2052 365:
477 1966 633 2053 Ἀντίγονος
654 1971 801 2054 ὗτοχαρῶν
823 1991 888 2030 τοτε
915 1970 970 2041 τοῖς
991 1965 1138 2049 σολορίονς

109 2067 308 2152 ἔτορχομίνονς,
332 2074 391 2149 οὐκ,
413 2070 459 2154 ίρη
484 2070 601 2155 ροιίγαν,
623 2073 702 2137 ἀλλὰ
723 2069 824 2135 irrisor
844 2071 876 2133 τί
897 2068 1032 2156 συμρίρον
1051 2068 1138 2134 tric·

109 2194 238 2250 καμονον.

154 2271 226 2356 183.
243 2272 287 2335 D.
310 2270 343 2335 δ’.
365 2270 443 2336 Ἐλωί
458 2274 484 2336 u
498 2271 690 2360 νιανίσκος-]
718 2274 800 2338 Item
816 2270 886 2358 ipfis
901 2269 1006 2336 verbis
1025 2254 1138 2336 retulit

108 2371 185 2436 hinc
206 2373 295 2438 Stob.
322 2373 405 2439 Flor.
425 2374 492 2439 Tit.
511 2375 697 2439 LXXXVI.
722 2396 755 2460 p.
769 2391 852 2461 497:
875 2373 1063 2438 Plutarchus
1084 2373 1137 2438 Do

109 2474 224 2539 Vitios.
241 2474 319 2538 Pud.
335 2498 368 2562 p.
380 2496 455 2560 534.
472 2476 511 2541 C.
528 2474 629 2541 verbis
646 2474 813 2562 paululum
831 2472 983 2539 mutatisr
1004 2472 1137 2560 Ἀντίγο-

109 2602 150 2651 νος
163 2576 236 2662 αρίς
249 2602 310 2640 τινα
325 2578 463 2643 νεανίσκον
478 2577 616 2663 γογονίτα
631 2579 682 2660 μὶν
697 2581 728 2640 hc
743 2584 873 2661 λοχαγοῦ
884 2575 1041 2662 χαρίεντος,
1055 2577 1138 2640 assis

109 2678 137 2740 δὲ
158 2674 280 2759 ἄτολμον
302 2676 367 2741 ὄντα
386 2676 433 2758 καί
448 2681 577 2760 μαλακόν
594 2681 722 2756 αἰξνοῡντα
736 2678 762 2740 li
776 2682 960 2764 τροαχθῆναν,
976 2678 1051 2764 Παρ’
1065 2677 1137 2760 spol,

110 2780 202 2861 ρηοίν,
223 2775 246 2840 d
266 2778 415 2864 μαροίκνον,
437 2779 627 2867 ἀνδραγαθίας
644 2782 673 2842 οὐ
693 2779 900 2865 πατραγαθίας
920 2776 1010 2861 τιμαί.
1045 2777 1151 2853 Actu„

110 2900 185 2943 men
206 2879 250 2943 cst
270 2878 304 2942 in
325 2878 454 2943 nomine
469 2901 550 2943 novo
563 2892 603 2945 et.
612 2880 686 2944 sisto
699 2879 907 2964 πατραγαθίας
921 2877 1048 2966 ejusque
1062 2876 1139 2944 scita
1176 2909 1177 2913 ¹

110 2979 304 3066 oppositione
327 2979 369 3044 ad
391 2979 526 3046 alterrun
553 2994 666 3044 notum
692 2995 726 3044 et
749 2979 908 3060 usitatum,
935 2978 1137 3066 ἀνδραγαθία.

110 3081 223 3146 Rarius
244 3081 341 3144 etiam
359 3082 402 3145 cst
421 3102 539 3145 nomen
558 3085 694 3170 ἁτορορὰ,
714 3102 772 3167 pro
784 3079 932 3169 stipendio
945 3079 1086 3160 militari,
1100 3092 1138 3145 ut

110 3182 232 3246 notavit
245 3181 384 3246 Budaeus
399 3182 582 3246 Comment.
601 3182 699 3268 Liug.
716 3181 775 3245 Gr.
794 3203 827 3267 p.
846 3198 918 3265 170.
933 3181 995 3267 seq.
1012 3181 1064 3245 sed
1086 3194 1139 3246 ta-

110 3304 185 3346 men
201 3279 379 3368 conjunclre
397 3281 632 3369 significationis
650 3303 726 3345 cum
742 3279 955 3367 frequentiore
968 3281 1137 3369 vectigalis,

109 3387 192 3474 quod
206 3386 359 3474 pmditur,
387 3384 538 3471 siquidem
560 3384 622 3449 hoc
644 3382 717 3471 loco
744 3397 874 3448 notatur
893 3382 1036 3470 oefligal,
1061 3383 1143 3470 quod

110 3489 262 3574 accipitur.
283 3486 398 3579 ‘Haud
419 3486 559 3550 multum
581 3484 673 3554 distat
688 3485 757 3550 Vit.
771 3483 864 3550 Ilres.
886 3506 917 3571 p.
935 3504 986 3549 ro.
1001 3487 1041 3549 E.
1071 3486 1140 3572 Ly·

111 3612 203 3677 curg.
221 3612 254 3675 p.
268 3610 322 3670 44.
340 3589 380 3653 C.
402 3588 443 3652 de
463 3586 569 3652 fructu
587 3585 667 3674 agri.
697 3604 753 3670 54.
768 3589 807 3650 E.
834 3585 1014 3650 Videantur
1034 3597 1069 3651 et
1090 3587 1137 3653 H.

112 3691 225 3776 steph.
239 3691 332 3757 Thes.
354 3694 393 3756 L.
409 3691 467 3755 Gr.
484 3691 526 3754 T.
542 3690 601 3755 IV.
622 3711 655 3775 p.
671 3709 724 3775 94.
741 3691 780 3753 E.
815 3688 971 3775 Rigaltius
984 3687 1025 3753 ad
1038 3690 1138 3755 Arte·

111 3792 230 3866 midor.
244 3814 275 3878 p.
289 3794 343 3877 36.
1092 3873 1095 3878 .

158 3895 230 3979 183.
244 3895 288 3957 D.
312 3893 344 3957 ε’.
367 3894 510 3978 Ζήνωνος]
536 3890 701 3979 Diogenes
719 3893 824 3954 Laert.
839 3890 917 3954 VII.
934 3908 972 3975 15
987 3915 995 3955 r
1017 3889 1141 3976 Λέγαταρ

112 3995 139 4060 Ii
161 3999 234 4077 μετὰ
254 3998 301 4072 τὴν
323 4001 449 4072 τελευτὴν
467 4001 514 4059 τοῦ
535 3995 653 4070 Ζήνωνος
672 3998 750 4056 εἰπεῖν
773 3993 818 4057 τὸν
839 3992 1007 4076 Ἀντίγονον,
1028 3993 1079 4057 οίον
1101 3991 1140 4072 τίη

112 4097 227 4184 θέατρον
253 4098 444 4171 ἀπολωλεκώς·
474 4095 530 4160 ubi
551 4095 643 4182 plura
667 4094 763 4159 etiam
789 4109 892 4158 narrat
917 4094 957 4158 de
982 4094 1146 4181 Antigoni
1251 4117 1255 4125 ·

114 4221 192 4286 erga
203 4199 369 4265 Zenonem
385 4198 501 4264 studio:
522 4211 556 4263 et
568 4196 682 4263 eodem
696 4197 777 4263 libro
791 4197 823 4285 §.
837 4216 889 4285 13.
903 4210 938 4264 et
951 4214 982 4283 7.
996 4197 1054 4277 ubi
1065 4219 1141 4282 rnu-
