2692 4770
152 287 214 350 836
343 287 384 348 D.
394 288 447 348 W.
465 285 674 349 ANIMADV.
695 287 742 347 IN
762 283 994 347 PLUTARCHI

154 447 290 537 σι’ριισιι,
304 449 393 537 quod
408 449 442 516 in
460 450 665 518 Heinfianam
679 450 852 517 editionem
866 462 1031 535 receptum
1047 443 1113 509 est:
1136 451 1192 506 at·

155 550 213 638 qui
230 549 345 616 eodem
359 553 514 618 vocabulo
532 552 635 618 utitur
651 551 884 640 Theophrastus
907 552 953 615 ll.
971 549 1031 614 16:
1056 545 1096 619 ἶςι
1117 544 1145 607 li
1163 547 1192 606 ὓ

154 650 339 738 rinharim
354 652 465 728 ὂσόιις
484 652 532 733 καὶ
551 660 567 732 ἡ
590 650 736 742 eriperis,
756 652 811 719 ubi
825 650 996 718 Heinfiana
1008 646 1116 713 denuo
1133 663 1190 707 ve·

154 770 224 818 ram
238 751 425 839 scripturam
439 753 652 820 eommutavit
669 776 745 820 cum
761 754 837 818 falsa
850 751 997 842 ἂπᾶςιισις.
1015 813 1017 820 ,
1032 750 1078 813 D.
1093 748 1201 812 Seno·

156 861 211 917 tus
234 875 274 917 ex
296 852 358 918 hoc
382 851 545 920 Plutarchi
570 855 645 920 loco
668 854 779 921 retulit
801 855 835 920 in
859 851 1085 941 Appendicem
1113 849 1190 913 ste·

155 953 267 1039 phani.
302 955 355 1019 Est
374 956 545 1021 excernendi
562 958 649 1038 atiio,
669 956 835 1045 efflnvinm,
857 954 996 1042 demiffio,
1020 948 1152 1038 dejeaio,
1171 967 1193 1011 a

155 1055 264 1121 Verbo
285 1061 388 1145 ἁπιςᾷι
406 1057 485 1123 item
504 1059 629 1124 Lexicis
651 1059 777 1147 ignoto,
798 1057 852 1123 sed
875 1055 1009 1144 cognito
1029 1075 1106 1120 cum
1129 1049 1205 1116 alh.

154 1157 255 1237 unde,
269 1181 300 1224 v.
315 1181 344 1223 c.
373 1158 574 1247 Alciphrone
589 1162 651 1225 llI.
668 1177 706 1245 7:
734 1159 902 1234 ’Ᾱιιισιλᾶις
923 1165 936 1222 ὀ
955 1157 1193 1244 irrepis-imp&

153 1259 364 1346 ἄηιᾶγκιισιι·
387 1261 444 1325 ubi
457 1261 628 1349 Berglerus
642 1260 758 1349 inquit,
778 1258 902 1326 Verbum
914 1260 1048 1348 probum,
1057 1257 1119 1345 sed
1128 1256 1192 1321 Le-

153 1359 229 1425 aeicis
249 1361 403 1448 ignotum:
426 1361 479 1426 sed
500 1362 578 1449 quin
599 1364 798 1448 ἇιιηιᾶγκιισιι
818 1384 859 1427 ex
880 1360 1012 1448 simplici
1032 1358 1192 1443 ἠνάγκασεν

154 1474 263 1526 ortum
285 1461 333 1541 fit,
355 1461 466 1527 addito
481 1485 539 1549 per
555 1461 673 1528 librarii
694 1486 834 1529 errorem
848 1466 896 1527 ἀπ’
911 1485 950 1527 ex
966 1467 1082 1549 ἀπιςξιν,
1096 1458 1191 1546 equi-

154 1559 230 1626 dem
244 1562 350 1627 nullus
365 1562 495 1629 dubito:
513 1577 583 1629 tum
598 1564 800 1630 hmilitudine
812 1579 846 1630 et
856 1564 1043 1630 authoritate
1057 1559 1193 1648 cognati

153 1665 257 1750 ἒξερᾷι,
273 1687 434 1745 excernere,
457 1664 588 1752 expofiti
608 1687 628 1730 a
647 1665 812 1752 Stephano
829 1666 863 1730 in
883 1665 994 1730 Indice
1016 1686 1049 1750 p.
1064 1664 1140 1748 890.
1157 1677 1193 1728 et

155 1763 257 1829 notati
271 1787 291 1829 a
305 1766 404 1831 Foefio
419 1764 452 1831 in
468 1768 590 1832 OEcon.
605 1766 798 1853 Hippocmt.
812 1789 883 1832 voc.
898 1781 931 1832 et
945 1764 1080 1831 notandi
1094 1786 1114 1829 a
1128 1786 1190 1830 no·

152 1864 203 1930 bis
216 1866 257 1931 ad
270 1889 304 1953 p.
316 1868 440 1955 904.B.
452 1885 487 1933 et
500 1890 534 1956 p.
549 1885 642 1955 1073.
656 1869 701 1935 D.
719 1869 812 1934 1088.
826 1870 867 1935 E.
881 1869 915 1934 in
929 1868 1043 1955 ignoto
1058 1865 1192 1933 nomine

152 1966 280 2056 διέραμα.

199 2091 273 2157 134.
289 2074 329 2138 Ε.
354 2073 547 2163 xnus-paine
568 2075 732 2158 πλυνόμενα
752 2081 863 2158 prime
886 2073 1102 2158 ἐκτλόιιται-]
1129 2071 1193 2168 lota

151 2172 241 2238 nitris
261 2175 359 2262 magis
383 2173 523 2239 eluuntur
543 2199 633 2262 quarn
655 2175 748 2241 ιὶιιᾶα
767 2176 799 2241 in
819 2200 922 2264 aqua:
944 2174 1083 2240 ὖκιιλόιειι
1099 2170 1192 2239 fimul

153 2274 216 2340 vim
238 2275 337 2341 habet
357 2276 518 2356 deterendi,
534 2292 573 2341 ut
594 2277 659 2364 ipse
678 2299 803 2364 pannus
825 2276 946 2364 aliquid
966 2277 1092 2342 suarum
1116 2297 1189 2361 par-

151 2377 235 2445 tium
250 2365 401 2446 amittat:
421 2385 595 2467 χαλαςραῑα
609 2381 739 2468 cognita
753 2403 792 2446 ex
814 2381 917 2446 Plinio
938 2383 984 2446 H.
998 2381 1044 2446 N.
1061 2381 1189 2446 XXXI.

154 2500 263 2547 10.1:
291 2482 440 2571 Optimum
462 2483 656 2571 copiostemque
677 2483 812 2567 (nitrum)
835 2483 869 2547 ιἰι
887 2483 967 2548 Liris
985 2483 1189 2564 Macedonia,

150 2583 232 2671 quod
255 2596 363 2648 vocant
387 2583 611 2670 Chalestricum,
634 2584 804 2663 candidum,
826 2600 1003 2671 purumque,
1022 2585 1191 2672 proximum

141 2684 229 2772 solie
252 2686 305 2751 cui
321 2684 511 2750 adhibeatur
531 2685 698 2750 Salmafius
712 2684 792 2773 Hyl.
809 2687 884 2750 latr.
906 2707 938 2771 p.
951 2704 1023 2752 222.
1060 2678 1189 2752 Weffe-

150 2784 271 2872 lingius
292 2785 335 2850 ad
357 2785 494 2851 Diodor.
517 2786 581 2850 Sic.
600 2787 639 2849 T.
659 2786 703 2849 ll.
726 2807 760 2871 p.
774 2786 856 2870 578:
881 2784 1086 2850 nobilitatum
1109 2786 1190 2855 item

152 2887 293 2955 Platonis
315 2889 480 2952 mentione
497 2890 576 2974 Rep.
593 2890 651 2954 IV.
674 2911 706 2974 p.
722 2909 798 2972 449.
815 2887 855 2952 C.
893 2887 1007 2953 Suidas
1021 2910 1061 2953 ex
1074 2888 1189 2955 Timaei

151 2986 251 3054 Gloff.
270 2987 349 3052 Plat.
367 2992 560 3076 Χαλαςςαῖιι·
584 2988 670 3076 virgae
684 2991 737 3052 ἀπὸ
751 2988 908 3074 Χαλίιςρας
922 2995 969 3064 τῆς
988 2994 1014 3051 ἐν
1028 2989 1190 3078 Μακεδονίᾳ

150 3088 259 3168 λίμνης,
274 3107 372 3173 quem
385 3085 507 3165 locum,
523 3098 561 3150 ut
579 3087 669 3167 solet,
684 3087 813 3174 egregie
828 3086 959 3154 illustrat
976 3089 1189 3155 Ruhnkenius

152 3190 265 3253 noster.
304 3191 354 3254 lta
367 3188 433 3253 lotis
447 3204 656 3277 opponuntur
674 3190 861 3269 ὑδατόκλυςα,
876 3190 966 3276 vestes
981 3193 1013 3254 e'n
1027 3217 1110 3280 aquo
1124 3192 1188 3257 elu-

153 3303 215 3356 tae:
247 3313 312 3378 quo
334 3289 465 3356 nomine
491 3290 677 3356 Plutarchus
699 3292 815 3357 iterum
840 3293 915 3357 usus
939 3294 982 3358 est
1010 3294 1041 3358 in
1068 3296 1188 3382 Quaest.

152 3394 248 3458 Rom.
269 3415 302 3479 Ρ.
319 3411 394 3478 270.
410 3396 453 3459 F:
478 3397 505 3455 ὲν
517 3395 544 3456 δὲ
559 3392 660 3481 Ἀργει
678 3399 767 3460 λιιικιὶ
785 3403 908 3483 φοροῦσιν
927 3399 954 3459 ἐν
968 3402 1024 3471 τοῖς
1041 3397 1189 3479 ωέιθεσιι,

150 3498 186 3572 ιὸς
199 3495 352 3582 Σωκράτης
365 3497 456 3576 φησὶν,
471 3495 658 3569 ὑδατόκλυςα.

197 3617 269 3682 134.
288 3600 326 3662 E.
349 3595 511 3681 ὑφιςᾱμέιης
535 3598 562 3659 δὲ
587 3597 710 3681 κοιλίας]
740 3601 934 3687 Interpretes
956 3601 1021 3667 fere
1045 3603 1078 3668 in
1099 3603 1190 3671 huno

151 3690 275 3766 sensum
289 3711 494 3783 acceperunt,
502 3698 538 3783 st
547 3699 640 3762 ,olous
654 3700 767 3781 durior,
780 3701 946 3786 aessrielior
953 3703 1078 3789 fieerit:
1102 3707 1190 3772 Cru-

151 3799 262 3878 serius‚
282 3800 405 3888 quodfi
420 3798 549 3886 corffllat
568 3801 679 3865 olous.-
703 3802 742 3867 fic
762 3802 873 3868 Celsus
889 3806 915 3867 1.
932 3806 970 3871 8:
995 3808 1128 3892 propius
1147 3808 1189 3873 ad

151 3900 260 3968 Graeci
281 3891 435 3966 rationem
459 3901 543 3966 verhi
563 3902 689 3967 accedit
705 3903 859 3992 fielfistat,
881 3906 968 3992 quod
990 3909 1033 3972 est
1056 3911 1188 3982 V1.11,

138 4004 275 4091 ſsalvos
288 4002 397 4067 nutrici
411 4002 556 4090 substitit
571 4004 705 4068 ducendo
721 4004 769 4090 est.
797 4007 1013 4094 Hippocrates
1028 4011 1079 4078 De
1094 4012 1189 4081 Dens

149 4107 264 4174 titione
277 4130 310 4194 p.
323 4109 401 4191 267:
425 4113 441 4183 ἡ
456 4106 543 4185 κοιλίη
557 4105 711 4185 ξυιῖςιιτσι.
843 4174 846 4178 Α

191 4229 226 4302 Ρ.
245 4224 317 4303 135.
331 4213 374 4277 Α.
396 4206 487 4295 ὥσπερ
500 4207 613 4295 ἄρηται]
640 4230 674 4296 p.
691 4209 764 4284 128.
779 4212 817 4276 Ε.
