2692 4770
254 364 316 433 τοο
451 361 546 425 law.
566 350 773 425 sumunt.
794 350 841 424 IN
860 349 1089 430 nminem

245 529 333 597 ’λῶςτ
367 524 528 614 Euripidis
552 527 613 593 elle
635 539 746 594 monet
771 525 955 613 Simplicius
979 523 1020 588 ad
1043 521 1134 587 illum
1162 517 1284 584 locum.

258 623 347 688 Hinc
371 625 403 691 in
428 628 626 716 Fragmentis
655 632 853 695 incertarum
880 623 1120 714 Tragoediarum
1148 622 1284 709 positum

257 724 360 790 Num.
378 726 484 793 CXX.
498 730 576 796 edit.
592 732 754 818 Musgrav.
791 729 879 794 Huic
892 727 990 793 fimile
1011 726 1054 791 est
1075 721 1285 810 Euripideum

256 822 291 890 in
306 829 425 894 lncert.
439 831 542 896 Num.
557 832 667 896 XXX.

120 1003 128 1015 ·
302 931 374 993 116.
397 933 538 1016 F—117.
559 934 602 997 A.
633 934 680 998 Tol
704 931 1038 1019 προσπεσόντα-δοκοὶ]
1063 926 1225 1015 Euripidis
1244 948 1284 992 ex

246 1029 464 1124 Melanippsr
488 1052 551 1120 qua
570 1035 628 1099 sub
646 1034 848 1121 inscriptione
862 1033 897 1098 hi
909 1033 1013 1099 versus
1025 1032 1144 1098 exstant
1158 1029 1190 1095 in
1206 1030 1283 1094 Sto-

248 1133 327 1197 *baeo
343 1133 449 1199 Floril.
464 1136 528 1200 lit.
542 1135 631 1202 CVI.
647 1135 725 1202 edit.
741 1137 838 1202 Gesn.
852 1135 927 1221 568.
950 1137 1045 1200 Grot.
1059 1147 1134 1218 451.
1149 1153 1215 1198 una
1228 1154 1284 1196 vn·

250 1231 369 1299 tietate
390 1237 536 1301 vocabuli
556 1238 737 1323 τυγχάνοντα
755 1259 813 1324 pro
824 1234 1041 1326 προσπεσόντας
1065 1253 1201 1322 quorum
1219 1232 1284 1298 boc

254 1335 433 1423 preseram,
455 1350 493 1403 ut
516 1337 671 1425 Euripidi,
693 1352 727 1404 et
744 1337 813 1403 aliis
829 1337 986 1403 ufitstius:
1010 1334 1106 1401 veluti
1121 1333 1175 1400 hic
1189 1333 1281 1399 Med.

255 1452 341 1523 229:
369 1436 521 1506 —dzhrrior
542 1445 671 1527 οτμοῑγμα
691 1440 851 1527 προσπεσὸν
869 1437 982 1503 rsit*
1018 1437 1112 1502 Thes.
1135 1435 1228 1521 supra
1247 1457 1281 1522 p.

257 1552 331 1605 112.
345 1534 399 1604 Dr
423 1543 513 1628 νεαρὸν
525 1541 696 1628 προσπεσόν.
734 1539 921 1608 Plutarchus
936 1539 1030 1626 supra
1042 1558 1075 1624 p.
1090 1539 1162 1615 116.
1177 1537 1211 1600 D
1224 1559 1232 1598 ε
1256 1540 1283 1598 ἐν

252 1640 309 1713 τοῖς
321 1640 544 1726 σμοστῖπῖουσον.
582 1641 789 1730 Hipparchus
802 1663 854 1728 ttp.
869 1641 961 1706 Stob.
979 1660 1013 1726 p.
1026 1655 1110 1724 574:
1132 1641 1170 1702 τὰ
1184 1662 1281 1724 προσ·

245 1744 379 1809 'sisium
392 1745 547 1833 ἅνθςαιῖνα
560 1744 683 1828 νομίζειν.
715 1743 868 1810 Eusebius
881 1740 999 1808 ibidem
1020 1762 1054 1828 p.
1065 1739 1144 1805 618:
1159 1741 1282 1825 Ἀνιημοῦ

247 1870 298 1910 του
316 1848 534 1933 προσπεσόντος,
556 1846 648 1912 ἔπειτα
665 1846 845 1933 χαλεπαίνων
857 1849 914 1921 τοῖς
926 1848 1008 1922 θοοῖς,
1022 1844 1113 1926 μεῖζον
1133 1839 1219 1904 κακόν
1240 1843 1281 1914 ἔςτ

246 1944 362 2028 ζαμίαν.
397 1946 560 2034 Deinceps
581 1947 668 2013 idem
690 1948 819 2028 iterum,
845 1948 969 2036 Ἀνοηςοῦ
991 1971 1039 2009 τω
1061 1941 1280 2032 πφπῑσὸπθέ·

250 2048 375 2111 Juncus
388 2046 465 2113 ibid.
482 2071 515 2136 p.
525 2063 606 2136 594:
630 2047 720 2137 ὅπερ
733 2051 842 2136 ἀγαθὸς
856 2052 978 2128 ἀθλητὴς
990 2053 1053 2133 νικᾷ
1063 2048 1096 2110 τὸ
1109 2043 1280 2134 sparseio.

250 2145 432 2212 Menander
452 2147 531 2214 ibid.
554 2171 588 2236 p.
602 2164 688 2234 570:
710 2155 758 2214 'rol
777 2149 976 2239 αμηιτόντα
993 2150 1152 2237 aponius&
1170 2143 1282 2210 ἅπαντα

248 2247 286 2309 δεῖ
300 2245 464 2335 ‘Anemo
485 2248 603 2315 ὅντα-.
639 2250 827 2318 Plutarchus
845 2251 947 2316 Vitat.
970 2271 1003 2336 p.
1020 2271 1072 2337 99.
1086 2248 1131 2314 A.
1157 2266 1228 2314 120.
1245 2248 1281 2312 F.

249 2349 453 2415 Herodianus
468 2351 527 2416 lV.
546 2371 596 2434 14.
612 2373 644 2438 9.
666 2355 726 2418 Vl.
738 2373 771 2439 3.
787 2371 818 2437 7.
855 2351 1048 2439 Simpliciter
1061 2349 1158 2414 σῖαῖον
1171 2349 1233 2414 alin
1246 2348 1280 2414 in

249 2451 478 2537 compositione
493 2452 663 2539 Euripides
677 2454 843 2541 Antigone
856 2475 908 2541 ap.
926 2453 1017 2518 Stob.
1036 2472 1069 2538 p.
1084 2452 1161 2537 568.
1184 2453 1279 2516 Grot.

248 2572 283 2638 p.
297 2571 361 2638 449
375 2576 383 2615 τ
401 2549 486 2627 Ὅςτς
498 2554 525 2616 u
539 2556 612 2640 ατρὸς
624 2556 657 2618 τὸ
670 2555 766 2619 vietor
787 2554 906 2640 εὐλόγως
920 2557 990 2643 piper
1004 2558 1058 2619 Τὸν
1073 2552 1189 2636 δαίμον’,
1205 2553 1280 2629 οὗτος

247 2653 331 2732 iussi
351 2657 389 2728 ἐξ
404 2653 578 2731 sithiu&
610 2657 661 2744 qui
670 2657 831 2744 fortunam
842 2657 913 2742 fert
934 2656 1143 2721 accommodate
1164 2656 1208 2719 ad
1228 2679 1280 2720 cc-

236 2757 310 2841 μονα
330 2757 564 2846 praesentem-.-
593 2780 665 2845 quae
688 2758 771 2823 inter
793 2757 987 2823 Philemonis
1010 2756 1157 2844 reliquias
1178 2757 1282 2824 edidit

247 2856 393 2923 Clericus
414 2881 448 2945 p.
464 2878 537 2923 212.

290 2982 324 3045 p.
343 2978 414 3043 1¹7·
430 2961 474 3024 A.
497 2963 569 3036 Θεὸς
590 2960 618 3024 δι’
639 2987 682 3024 τοι
703 2964 777 3044 πῆμ’
793 2961 920 3048 ostis-q
944 2958 1072 3048 Tragici
1089 2960 1223 3041 diuum,
1239 2983 1280 3026 ex

246 3057 396 3123 hocloco
411 3059 444 3123 in
466 3061 624 3145 Excerpta
639 3062 756 3125 Incert.
772 3063 951 3146 susceptum
973 3085 992 3126 a
1014 3061 1128 3127 Grotio
1150 3084 1183 3148 p.
1200 3065 1277 3147 465.

245 3158 301 3226 fed
321 3160 412 3225 aliter
433 3159 634 3226 distindium:
657 3164 796 3244 -Πῆμίι
817 3188 860 3226 σοι
882 3164 903 3225 δ’
919 3164 991 3227 οὐδὲν
1009 3165 1082 3242 θεὸς,
1098 3165 1182 3227 Ἀλλ’
1197 3167 1279 3239 αὐτὸς

244 3266 321 3349 αὐτῷ
327 3299 381 3327 -.
407 3261 514 3328 Nostri
528 3262 570 3326 ad
583 3285 684 3326 unum
698 3285 811 3328 omnes
824 3263 896 3328 libri
909 3265 1075 3352 vulgatum
1088 3263 1254 3330 exhibent.

247 3378 254 3416 -’
292 3382 363 3450 117.
379 3366 423 3430 A.
445 3367 616 3442 διὰ-ψευδῆ
634 3365 713 3444 δόξαν
732 3365 833 3430 πάντα
855 3366 1083 3450 καταμέμφονται
1097 3360 1273 3454 Ιθοίναῖον--]

245 3467 358 3532 Animi
373 3467 627 3553 perturbationes
641 3490 706 3532 non
723 3490 742 3532 a
757 3491 791 3532 re
808 3469 884 3555 ipsa,
899 3466 952 3533 sed
968 3468 1010 3532 ab
1025 3467 1156 3555 opinione
1176 3469 1280 3533 nostra

244 3567 410 3654 proticisci,
433 3567 625 3632 tralaticium
639 3568 728 3633 estin
743 3568 1019 3656 philosophorum,
1036 3567 1175 3633 maxime
1189 3566 1279 3633 Stoi-

216 3708 220 3716 «
243 3691 369 3749 corum,
384 3668 662 3756 disputationibus,
681 3686 715 3738 et
737 3671 886 3738 Ciceroni
902 3671 933 3735 in
947 3671 1136 3738 Tusculanis
1152 3685 1279 3736 utram·

140 3771 154 3783 ”
243 3793 308 3858 que
319 3772 469 3860 paginam
484 3774 580 3839 facit:
605 3774 681 3839 hinc
703 3788 737 3839 et
757 3775 888 3838 verbum
907 3774 1116 3862 προοὸοξάξαν,
1134 3797 1279 3861 προσετι-

242 3874 373 3956 netgo,
394 3874 434 3940 de
453 3875 570 3961 quibus
589 3889 626 3940 ut
648 3875 689 3940 de
711 3888 903 3962 argumento
923 3874 990 3960 ipso
1009 3875 1159 3962 legantur
1174 3878 1278 3941 Gata-

165 4032 167 4038 .
242 3975 403 4041 iterus-ad
424 3979 475 4041 M.
498 3977 656 4042 Antonin.
677 3979 773 4042 Vlll.
795 3997 849 4063 49.
875 3990 908 4040 et
931 3979 1083 4063 Uptonus
1107 3976 1138 4040 in
1167 3977 1277 4042 lndice

240 4075 392 4162 Epicteti.
428 4073 483 4141 Ad
498 4078 685 4164 popularem
701 4076 772 4141 vitre
786 4075 966 4140 communis
980 4091 1111 4161 captum
1129 4076 1276 4141 eamdem

240 4177 493 4244 admonitionem
506 4177 760 4246 accommodavit
781 4176 947 4244 Philemon
969 4198 1021 4264 ap.
1037 4178 1129 4244 Stob.
1149 4200 1184 4266 p.
1197 4182 1273 4267 5⁶9·

241 4279 359 4345 Cleric.
374 4293 408 4368 p'.
421 4285 505 4368 356:
