2692 4770
216 284 419 369 ntorum.
434 295 524 356 uno.
539 263 999 371 nuncuparemur.
1047 297 1126 364 10⁸9

97 453 281 541 ἆποχςῶντως
304 458 444 539 depuduit,
467 458 634 544 ὂνιτῦγχανε
656 460 772 537 βασιλεῖ
796 459 827 519 δι’
850 461 943 519 αὑτοῦ.
980 452 1123 518 Omnino

97 553 211 634 ἔντευξιν
225 560 359 643 praesens
374 561 463 626 locus
479 562 623 647 postulat,
637 575 675 626 ut
689 560 852 647 proprium
867 573 901 623 et
914 557 1076 621 ufitatum.
1115 614 1119 623 .

42 716 43 719 ,
142 659 215 743 183.
231 662 267 725 F.
290 661 340 743 ιζ’.
367 667 489 726 Πολλῶν
511 664 537 726 δὲ
559 665 714 749 δωρεῶν-]
735 663 795 726 vEu
815 660 892 726 Vita
915 649 1121 723 Themistocl.

95 777 130 844 p.
149 761 223 825 126.
239 763 275 826 F.
309 763 483 828 Venustum
500 764 642 843 effatum,
658 762 699 827 ad
714 763 889 827 multorum
901 758 1124 846 cognitionem

94 871 130 922 et
150 862 307 945 proverbii
328 863 391 928 vim
409 864 617 930 celebratum.
657 866 686 930 A
707 865 878 930 Plutarcho
899 863 948 927 bis
970 861 1046 926 alibi
1070 861 1122 925 De

96 960 184 1024 Fort.
200 962 294 1027 Alex.
314 987 347 1051 p.
359 966 435 1050 318.
453 968 488 1031 F.
525 969 576 1031 De
598 966 681 1031 Exil.
704 989 737 1052 p.
753 969 826 1030 602.
841 967 885 1028 Α.
909 963 1045 1028 citatum
1067 961 1121 1026 est.

96 1058 248 1149 Polybius
265 1066 415 1153 Excerpt.
432 1069 483 1132 De
495 1068 580 1134 Virt.
594 1069 633 1132 T.
649 1068 711 1132 Ill.
735 1089 767 1153 p.
787 1086 857 1148 144.
879 1064 996 1140 ἅπαντες
1013 1064 1039 1126 tt
1059 1062 1121 1126 τότε

93 1163 142 1237 τὴν
162 1165 319 1254 παροιμίαν
340 1169 441 1247 ταύτην
461 1172 504 1232 διὰ
517 1168 636 1250 §duam
654 1167 741 1254 εἶχον,
759 1170 793 1242 ὥς
815 1172 837 1230 εἰ
855 1171 893 1248 μὴ
912 1163 1024 1251 ταχέως
1040 1169 1121 1228 ‘lm‘

92 1262 216 1346 ᾉόμεθα,
232 1272 280 1330 ο’κ
299 1267 332 1332 ἂν
351 1271 502 1353 ἐσώθημεν·
526 1270 566 1335 ad
588 1292 682 1357 quem
706 1269 813 1333 locum
836 1268 975 1332 Valesius
997 1289 1030 1352 p
1049 1284 1122 1352 191.

93 1364 257 1431 audonem
271 1368 514 1435 Themistoclem
529 1372 619 1435 citat.
652 1370 747 1434 Teles
763 1371 814 1434 De
828 1368 931 1434 Exilio
944 1367 1031 1453 apud
1046 1369 1122 1433 Sto·
1166 1397 1168 1400 ·

94 1466 201 1532 baeum
224 1469 330 1534 Floril.
349 1472 414 1536 Tit.
436 1461 630 1539 XXXVIII.
651 1496 686 1599 p.
708 1491 789 1556 2312
817 1474 1046 1553 &rprrrxhis'u
1016 1497 1046 1532 εκ
1047 1474 1121 1546 ὄνος

92 1592 116 1628 cr
138 1572 200 1648 παῖ,
222 1571 351 1650 melna
332 1573 560 1654 dxwadurdestrr
552 1578 664 1656 epuler
644 1573 827 1653 ἀπωλόμεθα
851 1571 906 1636 ubl
927 1571 988 1635 tria
1008 1569 1124 1634 ultima

94 1669 216 1734 verba'
208 1693 241 1734 in
264 1672 359 1737 editis
383 1673 472 1739 libris
488 1673 660 1740 desiderata
681 1673 812 1738 exhibet
836 1672 937 1737 codex
960 1670 1066 1736 Paris.
1077 1671 1121 1735 A.

94 1769 246 1850 Aristides
260 1774 299 1837 Τ.
316 1774 342 1837 Ι.
364 1796 397 1858 p.
414 1777 495 1859 265:
519 1782 561 1838 νῦν
574 1775 601 1836 li
617 1777 648 1838 τὸ
662 1800 710 1838 του
696 1772 919 1856 'eternitate
934 1771 1054 1848 Zemr’
1032 1774 1124 1851 erade,

95 1876 118 1933 el
133 1873 161 1949 δὴ
175 1873 257 1936 τοῦτο’
267 1899 302 1958 γε
319 1875 458 1947 πιςευτέον
472 1877 534 1938 κατ’
551 1876 650 1953 ἐκείνω,
670 1878 705 1950 ὥς
719 1877 761 1938 hrl
776 1879 836 1949 ταῖς
850 1877 959 1960 δωρεαῖς
970 1878 1033 1947 ταῖς
1045 1877 1125 1961 ragel

23 2039 27 2044 ,
94 1980 143 2037 τοῦ
164 1974 264 2060 Πίρσε
287 1974 442 2059 γενομέναις
461 1980 537 2063 αὐτῷ
552 1974 709 2062 φθέγξαιτό
719 2002 747 2040 rr
765 1984 883 2041 τοιοῦτον
896 1977 968 2062 πρὸς
982 1973 1031 2050 τὸς
1045 1979 1122 2038 σαῖ-

95 2075 154 2149 δας,
170 2073 211 2137 drr
226 2083 268 2138 νῦν
288 2074 344 2162 ἄρα
360 2077 505 2154 ἐσώθησαν,
518 2075 598 2154 ἡνίκα
610 2077 805 2145 ἀπολώλεσαν.
840 2075 953 2143 Suidae
967 2078 1006 2141 T.
1022 2076 1067 2140 Il.
1087 2096 1124 2162 p·
1228 2133 1234 2145 .

96 2175 150 2239 26.
172 2196 212 2239 ex
234 2175 365 2263 Polybio
386 2177 540 2263 apponite
567 2176 704 2263 indeque
724 2177 880 2242 Schottue
901 2176 1045 2241 Proverb.
1061 2174 1123 2240 Vl.

94 2295 128 2361 3.
165 2275 295 2343 Plautus
314 2278 481 2365 aliquoties
499 2280 643 2344 imitatus
662 2279 721 2344 est:
744 2278 941 2345 Truculento
956 2279 1014 2345 lv.
1031 2297 1063 2346 1.
1079 2299 1121 2364 9:

97 2376 211 2442 Salvus
222 2380 293 2466 sum
307 2381 378 2468 quie
388 2397 496 2469 pereo.-
507 2382 543 2467 ſs
554 2406 611 2446 nou
628 2397 760 2471 peream,
774 2381 864 2470 plane
877 2379 1029 2445 inteream.
1050 2380 1124 2445 Au·
1206 2451 1213 2464 ο

96 2480 184 2545 naria
206 2482 232 2545 l.
249 2501 282 2565 3.
296 2501 334 2566 91
351 2509 359 2547 :
383 2484 429 2546 Et
446 2483 587 2570 praseae,
600 2483 658 2568 nist
670 2482 751 2546 illud
759 2484 851 2569 perdo
865 2495 1032 2569 argentum,
1050 2495 1123 2568 per·

95 2585 223 2647 eundum
245 2583 284 2668 est
302 2583 389 2648 milri.-
424 2584 507 2649 Ibid.
532 2586 595 2649 IlI.
609 2604 643 2670 3.
657 2602 721 2670 47:
753 2585 786 2648 V
783 2583 885 2647 idetin’
900 2583 1014 2670 viginti
1033 2585 1124 2649 mina

95 2685 171 2772 quid
180 2684 303 2771 pollent,
319 2685 429 2772 quidve
439 2687 583 2773 prfflrnt?
604 2686 661 2749 Ille
674 2686 724 2774 qui
739 2684 932 2773 ellenperht,
941 2684 1054 2773 salvus
1068 2685 1123 2772 ella

94 2811 159 2873 ege,
175 2786 298 2875 quinon
318 2789 420 2874 perdo,
435 2803 534 2876 pereo.
570 2789 717 2855 Rudente
730 2790 774 2855 V.
788 2809 822 2875 3.
836 2803 902 2875 59:
924 2790 1041 2876 -perr'r'
1054 2791 1121 2852 ber-

94 2887 162 2952 cle!
189 2888 246 2974 nist
266 2914 310 2952 me
319 2889 480 2978 suspendo,
502 2889 602 2954 occidi.
640 2889 783 2976 Captivis
804 2892 865 2954 Ill.
881 2910 914 2971 4.
930 2891 973 2954 6:
1001 2890 1125 2955 Utinam

94 2999 122 3052 te
136 2989 183 3053 DI
192 2988 277 3077 prius
293 2991 462 3077 perderent,
480 3015 568 3077 quom
578 2988 691 3078 periisti
705 2991 833 3079 epatrie
848 3001 912 3055 tua.

104 3161 108 3170 ⁴
141 3093 213 3175 185.
226 3093 261 3156 F.
277 3094 548 3176 ΜΥΡΩΝΙΔΟΥ]
576 3091 777 3157 Nobilitatus
792 3092 922 3158 victoria
936 3091 976 3157 de
990 3093 1123 3158 Boeotiis
1179 3095 1182 3099 ’

13 3262 16 3267 ,
95 3196 122 3258 h
142 3194 309 3276 Οἰνοφύτοις·
341 3192 382 3257 de
404 3216 467 3280 qua
495 3193 701 3280 Thucydides
729 3196 755 3259 l.
783 3194 854 3259 108.
884 3196 941 3260 1v.
966 3212 1019 3281 93.
1048 3196 1123 3263 inde

97 3295 287 3362 Plutarchus
307 3295 358 3359 De
381 3295 493 3360 Gloria
514 3295 636 3360 Athen.
657 3318 689 3382 p.
704 3316 780 3382 345.
795 3296 853 3364 D.¹
872 3295 1041 3362 Diodorus.
1057 3299 1123 3365 sic.

96 3397 151 3484 qui
163 3397 237 3473 'hoc
259 3395 329 3483 ejus
344 3395 467 3461 dietum
490 3397 587 3461 refert
600 3398 661 3460 XI.
676 3417 732 3481 31.
768 3399 810 3472 Et
828 3411 866 3462 ut
884 3397 1026 3462 Aristidis
1041 3401 1122 3465 anri·

95 3522 170 3564 cum
186 3512 344 3562 memorat
368 3497 556 3562 Plutarchus
579 3497 611 3563 in
631 3496 731 3584 hujus
744 3498 821 3564 Vita
842 3520 874 3584 p.
889 3519 964 3583 313.
979 3501 1022 3564 Α.
1044 3521 1122 3587 331.

96 3603 139 3666 A.
183 3600 259 3665 Alia
282 3599 352 3686 ejus
376 3598 409 3663 in
437 3597 494 3663 illa
517 3599 718 3686 expeditione
742 3600 962 3687 strategemata
982 3602 1124 3689 produnt

96 3704 266 3768 Frontinus
285 3704 329 3765 ll.
350 3720 452 3782 4.11.
477 3701 536 3766 lV.
551 3720 582 3785 7.
601 3720 654 3768 21.
688 3700 854 3788 Polyaenus
875 3705 902 3767 l.
918 3718 973 3790 33.
1010 3705 1124 3771 Simile

96 3804 171 3868 huic
184 3805 227 3867 est
240 3802 392 3868 leonidae
407 3802 445 3882 ιβ’
448 3849 457 3867 .
475 3823 509 3889 p.
524 3819 598 3888 225.
612 3803 667 3868 Dr
690 3815 725 3868 et
737 3802 901 3869 Timothei
921 3804 1006 3892 apud
1027 3806 1120 3895 Poly·

96 3928 202 3970 aenum
218 3905 281 3968 Ill.
298 3924 348 3969 10.
364 3924 397 3989 3.
1214 3934 1217 3959 .

138 4027 171 4091 p.
189 4007 262 4070 186.
276 4007 322 4071 A.
355 4004 613 4074 hemmone.
639 4006 692 4092 αϊ]
731 4009 780 4074 ux
807 4006 884 4074 tuta
914 4007 1057 4075 Aristidis
1087 4032 1122 4098 p.

94 4109 221 4195 319·F·
284 4199 287 4205 ,
699 4167 701 4171 ψ
745 4188 746 4193 r

140 4228 295 4275 vonvt.
590 4227 645 4288 41
