2692 4770
130 294 227 360 '1'142
341 303 381 364 D.
393 305 445 364 W.
466 303 676 365 ANIMADV.
696 303 745 363 IN
765 298 1001 363 Ptmaacm

152 462 236 528 ciam
258 479 292 531 et
310 466 416 532 Afiam
437 467 611 555 profectus,
631 464 845 535 Athenienses
864 475 996 550 propter
1008 472 1107 525 vetus
1121 476 1202 543 erga

152 568 336 632 Antonium
355 583 389 633 et
406 570 610 656 Cleopatram
634 569 784 648 studium,
808 566 939 654 AEgina,
962 560 1092 628 Eretria
1113 558 1200 623 aliis·

153 691 217 756 que
238 671 329 735 terris
348 672 476 737 illorum
496 695 630 738 munere
649 671 802 758 acceptis.
824 667 1015 741 mulctavitc
1033 665 1122 730 cette
1136 661 1201 727 Di-

153 793 217 835 one
232 773 336 837 Caffio
350 776 437 838 LIV.
456 792 486 859 7.
508 774 565 861 qui
587 788 741 840 caeterum
759 773 791 836 in
815 773 911 836 Samo
925 791 999 833 eum
1017 763 1201 830 hibernaffe

153 871 264 937 tradit.
300 875 507 962 Quamquam
523 876 594 940 haec
610 875 760 940 Corfiuue
775 873 853 938 Fast.
871 871 974 935 Attio.
988 867 1066 932 Vol.
1085 867 1150 931 lv.
1165 887 1199 952 p.

158 989 230 1059 137.
246 988 281 1039 et
297 995 369 1056 144·
384 975 418 1041 in
434 976 516 1042 duos
530 976 669 1041 diversos
686 997 787 1040 annos
802 974 856 1040 Ol.
874 970 1099 1037 CLXXXIX.
1120 988 1152 1032 1.
1165 980 1202 1033 ct

155 1074 261 1163 CXC.
280 1097 309 1143 1.
333 1077 612 1165 disjunxitsnulla
628 1078 759 1167 quidem
779 1075 902 1141 reddita
921 1073 1058 1138 ratione.
1097 1068 1201 1158 Quod

154 1190 264 1243 autem
288 1178 478 1245 Plutarchus
498 1182 555 1260 ait,
570 1182 752 1269 Augustum
775 1177 1024 1244 Atheniensibus
1043 1174 1093 1238 nil
1115 1171 1201 1238 male

155 1304 216 1346 nec
231 1283 347 1362 fecisse,
365 1306 425 1349 nec
440 1283 560 1364 dixiffe,
576 1284 701 1349 fortasse
716 1282 787 1370 quia
808 1294 913 1367 putet,
935 1276 1032 1364 hujus
1048 1276 1096 1340 rei
1113 1290 1199 1340 tem-

156 1403 218 1468 pus
236 1384 438 1451 referendum
458 1386 519 1451 effe
537 1385 580 1453 ad
592 1386 732 1452 hiemem
747 1406 866 1471 pugnae
883 1381 1027 1446 Actiacae
1044 1378 1200 1464 deincep·

155 1484 348 1571 proximam,
364 1510 430 1574 quo
454 1500 600 1574 tempore
618 1485 830 1551 Athenienses
847 1480 992 1548 nondum
1015 1480 1199 1545 mulctave-

158 1599 219 1651 rat.
256 1586 320 1652 Sed
344 1587 377 1652 in
400 1588 535 1652 aliorum
559 1588 758 1674 Scriptorum
782 1585 843 1650 hac
863 1584 904 1649 de
926 1606 960 1647 re
982 1582 1121 1659 fileutio,
1138 1582 1198 1645 ssa-

157 1698 249 1753 tuere
271 1710 336 1753 non
358 1688 445 1753 licet.
482 1689 616 1755 Dictum
638 1688 775 1777 Augusti
797 1687 882 1753 recte
903 1685 996 1750 vertit
1015 1683 1199 1770 Xylander,

142 1787 303 1876 Existimo
317 1816 376 1856 ιιοιε
388 1815 442 1856 vos
452 1791 582 1879 fallere,
601 1817 646 1856 me
667 1792 754 1880 irasci
775 1791 882 1855 vobis:
908 1804 942 1854 et
964 1789 1036 1854 sane
1054 1787 1153 1866 ιῖεθσι
1163 1791 1201 1878 se

152 1903 274 1979 putare,
296 1892 369 1958 satis
384 1894 508 1958 bonum
529 1894 652 1960 sensum
669 1893 763 1981 parit,
780 1892 944 1957 meliorem
963 1906 1074 1956 tamen
1099 1892 1199 1957 etiam

156 1995 310 2073 βούλεθσι,
330 1996 418 2083 quod
437 1996 493 2061 dat
514 1996 707 2062 Harleianus
722 1995 835 2061 codex.
872 1994 950 2059 Nolo
964 2018 1018 2057 vos
1034 1995 1198 2082 ignorare:

156 2121 216 2186 pro
237 2100 346 2178 αὐτοὺς,
369 2099 455 2165 idem
475 2114 510 2165 et
525 2104 603 2170 Jun.
627 2102 750 2167 habent
763 2104 837 2189 πρὸς
855 2102 965 2178 αὐτοὺς,
980 2099 1069 2166 Voff.
1092 2102 1198 2180 ωὶτιῑς,

154 2222 294 2287 quorum
308 2215 458 2265 neutrum
474 2203 677 2288 requirimus.

200 2319 275 2384 207.
293 2304 327 2366 F.
350 2301 409 2388 rt]
436 2303 591 2392 Euryclea
607 2302 871 2368 lacedaemonius
884 2301 938 2366 hic
953 2302 995 2367 est
1011 2299 1117 2388 quiin
1135 2323 1196 2388 pu·

155 2426 222 2492 gna
241 2405 282 2471 ad
301 2404 434 2469 Attium
458 2425 516 2490 pro
539 2404 663 2471 Caesare
685 2404 854 2484 dimicans,
876 2403 1041 2492 egregiam
1063 2423 1196 2488 operam

157 2506 294 2584 navavit,
311 2522 346 2571 et
362 2507 542 2571 Antonium
566 2508 745 2595 fugientem
765 2508 926 2572 insecutus
940 2508 1004 2571 est:
1029 2522 1065 2570 ut
1082 2506 1116 2570 in
1132 2507 1195 2572 hu·

150 2607 206 2695 jus
217 2608 295 2673 Vita
310 2606 419 2694 prodit
435 2607 622 2673 Plutarchus
639 2631 672 2695 p.
685 2629 759 2693 947.
777 2611 821 2684 A.
833 2611 872 2674 Β.
907 2611 979 2673 Nec
993 2608 1134 2673 diversus
1149 2608 1194 2671 vi·

157 2709 252 2773 detur
271 2710 331 2773 etse
354 2708 392 2785 is,
416 2709 472 2794 qui
489 2710 575 2797 apud
597 2710 759 2774 Herodem
776 2711 963 2775 Judaeorum
988 2732 1097 2796 regem
1119 2731 1195 2796 gra·

156 2812 267 2889 tiosus,
284 2811 365 2874 filios
387 2810 456 2896 ejus
477 2811 705 2877 calumniando
725 2813 758 2877 in
773 2812 942 2899 capitalem
964 2810 1114 2874 invidiam
1138 2810 1193 2875 ad·

158 2911 260 2989 duxit,
275 2911 425 2996 cognitus
446 2913 537 2977 nobis
553 2936 591 2976 ex
604 2915 744 2999 Jol'epho
759 2915 873 3001 antiq.
889 2913 966 2979 Jud.
982 2916 1075 2978 XVI.
1096 2933 1147 2977 10.
1165 2933 1194 2976 1.

156 3011 210 3075 ubi
225 3011 322 3074 etiam
338 3011 467 3090 dicitur,
489 3012 585 3100 postca
606 3014 649 3076 bis
668 3039 683 3077 e
699 3014 803 3102 patria
826 3016 1037 3078 Lacedaemone
1057 3012 1196 3102 expulsus

155 3114 231 3199 effer
258 3127 291 3176 et
314 3113 394 3177 Bell.
413 3113 488 3178 Jud.
507 3116 532 3178 I.
552 3117 601 3177 16.
617 3136 657 3196 42
682 3118 718 3188 δίς
734 3124 800 3201 γοῦν
816 3117 858 3178 ἐπί
874 3115 1018 3199 Καίσαρος
1034 3141 1195 3200 κατηγορη·

157 3221 214 3292 θείς
235 3219 277 3280 ἐπὶ
297 3223 337 3303 τῷ
356 3218 462 3291 §dctus
480 3221 619 3299 ἐμπλῆσαι
635 3223 682 3296 τὴν
695 3219 823 3304 Ἀχαίαν
842 3218 888 3296 καὶ
907 3219 1044 3304 περιδύειν
1064 3221 1117 3291 τοὶς
1135 3217 1196 3281 nrc'·

157 3338 224 3401 νεις,
240 3321 430 3405 φυγαδεύεται.
471 3321 623 3386 Meminit
638 3338 672 3385 et
687 3323 801 3385 Strabo
818 3339 854 3385 ut
870 3320 1023 3408 principis
1040 3321 1195 3384 Lacedae-

157 3424 340 3486 tuoniorum
362 3424 415 3487 sua
437 3438 531 3485 aetate
556 3425 650 3486 VIII.
674 3446 707 3508 p.
729 3424 804 3508 558.
826 3425 871 3486 B:
898 3422 1046 3509 Πρόκειται
1069 3424 1096 3484 δὲ
1121 3428 1197 3485 κατὰ

155 3527 228 3589 caira
246 3527 363 3610 Κύθηρα
384 3530 408 3588 ἐν
427 3525 627 3612 τετίαράκονοοι
642 3526 743 3599 ςαδίοις
757 3532 834 3602 νῆσος
847 3524 983 3605 εὐλίμενος
996 3525 1083 3586 πόλιν
1099 3525 1198 3611 ἔχοισα

157 3628 304 3711 ὁμώνυμον·
331 3628 361 3703 ἢν
378 3628 442 3713 ἔχει
458 3632 601 3714 Εὐρυκλῆς
624 3632 649 3690 ἓν
670 3629 744 3715 μέρει
766 3630 886 3704 κτήσεως
906 3628 984 3702 ἰδίας,
1005 3633 1018 3689 d
1039 3630 1106 3691 καθ’
1126 3635 1198 3710 ἡμᾶς

155 3739 210 3793 τῶν
228 3730 452 3810 Λακεδαιμονίων
475 3729 595 3813 ἡγεμών*
620 3744 654 3793 et
677 3750 709 3814 p.
725 3732 800 3814 562.
823 3732 871 3793 B:
896 3730 1028 3802 Ntw5ii'
1053 3734 1198 3814 Εὐρυκλῆς

155 3832 254 3905 αὐτοὺς
274 3831 390 3918 ἐτάραξε
414 3830 491 3907 δόξας
512 3831 720 3917 ἁποχρῆσοεῶαι
742 3834 778 3916 τῇ
798 3830 942 3914 Καίσαρος
957 3829 1037 3916 φιλίᾳ
1055 3831 1136 3911 πέρα
1150 3839 1199 3896 τοῦ
1227 3893 1231 3902 ,

153 3933 264 4021 μετρίου
279 3935 350 4018 πρὸς
365 3937 413 4009 τὴν
433 3932 579 4005 trasarici
594 3935 694 3995 αὐτῶν.
732 3934 804 3997 Nec
821 3931 974 4019 praeteriit
988 3954 1062 3995 euin
1078 3935 1197 3996 Meur-

155 4038 214 4101 fius
231 4038 281 4100 De
298 4038 409 4121 Regno
421 4033 541 4101 Laced.
558 4034 652 4098 XXI.
676 4055 709 4118 p.
725 4036 778 4119 96.
818 4034 922 4120 igitur
937 4033 968 4096 in
988 4054 1053 4096 una
1068 4032 1199 4098 illarum

155 4137 408 4214 accusationum,
419 4135 532 4222 judice
549 4135 684 4213 Caesare,
701 4134 865 4199 accusator
881 4157 921 4197 ex
941 4133 1075 4196 Brasrdae
1093 4135 1198 4220 poste·

152 4239 196 4305 ris
211 4239 357 4349 ultimus,
371 4240 404 4303 in
422 4239 593 4331 Euryclem
609 4237 774 4317 invehens,
789 4236 818 4301 ei
833 4235 967 4301 Brafidae
983 4235 1095 4304 laudes
1111 4237 1198 4326 obji-
