2692 4770
262 284 339 363 uos
451 304 551 366 uw.
571 304 779 369 Anmnnv.
800 306 847 369 m
867 278 1110 371 muratorii

256 462 333 530 Vita
346 487 380 552 p.
394 481 449 552 53.
465 468 508 533 D.
536 470 698 558 Lysandro
716 494 750 559 p.
764 492 841 558 434.
857 464 899 538 Ᾰ.
930 473 1123 538 Institutum
1138 470 1209 539 hoc
1221 472 1299 560 stepo

254 564 324 631 aliis
346 568 448 634 verbis
471 586 687 636 memoratum
710 597 740 637 ν.
756 594 785 638 c.
808 596 884 639 mox
899 577 934 640 F.
956 589 991 639 et
1012 572 1200 662 Apophth.
1223 575 1298 639 Iac.

255 688 330 754 230.
354 674 398 738 D.
428 674 525 739 Nicia
538 695 612 763 535.
629 679 666 742 E.
694 680 877 766 Xenophon
901 682 981 767 Rep.
1006 680 1089 745 Lac.
1118 678 1186 746 xl.
1200 698 1236 767 3.
1267 680 1297 747 l.

191 806 201 837 ι
255 771 412 838 Meursrus
427 776 564 841 Miscell.
579 770 700 843 Lacon.
717 781 744 845 l.
760 784 811 846 16.

297 875 369 961 189.
386 877 424 942 Ε.
446 876 500 962 β’.]
527 879 720 944 Notavimus
736 903 769 966 p.
787 896 859 965 155.
875 880 920 947 D.

298 974 372 1063 189.
384 978 423 1042 E.
445 979 502 1064 92]
529 980 565 1043 In
583 981 723 1068 Lycurgi
737 980 907 1068 Apophth.
922 984 1000 1047 Lac.
1014 1004 1049 1069 p.
1061 999 1143 1067 227.
1156 984 1199 1049 Β.
1221 984 1296 1049 Vra

251 1091 284 1162 p.
310 1092 365 1162 47.
389 1080 428 1143 B.
474 1083 657 1169 Fragment.
695 1082 916 1150 Commentar.
944 1085 976 1148 in
1007 1076 1147 1150 Hefiod.
1178 1090 1210 1171 9.
1234 1072 1295 1169 241

252 1179 665 1268 Πλούταρχοςα-λέγων-καὶ
680 1189 839 1273 Λυκοῦργον
852 1187 920 1274 περὶ
936 1193 983 1262 τῆς
1004 1195 1059 1249 τῶν
1080 1191 1179 1273 θυρῶν
1200 1214 1294 1252 mc·

250 1286 360 1359 σκευῆς,
375 1282 408 1344 ἵν’
421 1285 475 1346 ἀπὸ
489 1284 599 1370 πρίονος
613 1282 664 1349 clm
679 1287 701 1373 'l
715 1286 858 1361 πελέκεως
871 1288 950 1370 μόνον
962 1287 1115 1353 aeolum.

295 1383 421 1469 189.E.
446 1378 492 1468 8.]
523 1385 797 1473 Conjungendum
820 1388 863 1453 est
886 1411 961 1453 cum
986 1388 1124 1474 Apoph.
1154 1392 1238 1455 Iac.
1261 1410 1295 1477 p.

252 1482 326 1549 228.
345 1484 391 1550 D.
413 1496 447 1548 et
464 1484 533 1549 Vrt.
556 1506 590 1571 p.
604 1506 659 1570 52.
675 1486 726 1550 A:
750 1488 807 1553 ubi
829 1502 956 1555 tantum
976 1487 1097 1553 dicitur
1116 1498 1179 1554 τῶν
1198 1494 1295 1569 ἄθλιε*

249 1582 348 1664 μάτων
368 1592 460 1649 ταῦτα
480 1585 552 1666 μένα
576 1592 615 1668 μὴ
635 1587 803 1652 κωλύσαντα
824 1589 1000 1675 ἀγωνίζεθαν
1021 1590 1085 1665 τοὺς
1109 1590 1245 1665 πολίτας
1265 1594 1292 1654 ir

251 1684 289 1759 οἷς
305 1682 370 1774 χεὶρ
384 1690 432 1750 οὖν
445 1687 624 1768 ἇνατεῖνετον.
662 1688 785 1754 Diserte
803 1690 898 1755 etiam
919 1712 1038 1779 genera
1059 1688 1211 1757 declarat
1232 1694 1289 1759 Se-

115 1786 121 1796 ’
248 1808 330 1854 neca
344 1791 396 1855 De
412 1791 549 1856 Benefic.
564 1793 606 1857 V.
620 1813 661 1878 3:
687 1792 907 1858 Lacedaemcnii
920 1805 1025 1857 verrant
1035 1793 1111 1878 suos
1128 1794 1291 1881 pancratio

247 1900 301 1952 out
313 1886 385 1975 cestu
398 1888 558 1970 decernere,
567 1890 619 1954 ubi
631 1889 799 1976 inferiorem
811 1888 931 1976 ostendit
942 1890 1017 1954 victi
1030 1890 1179 1977 ccnseffic.
1203 1893 1290 1956 Nam

248 1989 282 2054 in
296 1991 420 2056 caeteris
435 1992 662 2057 certaminibus
677 2006 810 2057 eventus
829 1992 982 2079 cujusque
998 1990 1133 2057 ostendit
1152 1993 1294 2075 vietum

247 2090 280 2155 in
303 2091 354 2156 his
372 2092 446 2158 vicli
461 2094 622 2158 conleffio.
659 2093 780 2179 Liphus
798 2092 965 2158 adeundus
986 2091 1027 2157 ad
1049 2092 1106 2157 illa
1127 2094 1287 2161 Senecaet

248 2191 457 2257 Casaubonus
471 2194 569 2258 etiam
585 2194 712 2258 monuit
725 2193 765 2259 ad
780 2193 860 2259 Ath.
872 2196 933 2259 Vl.
952 2214 980 2257 1.
995 2216 1028 2281 p.
1038 2213 1116 2280 359.
1129 2196 1198 2283 seq.
1214 2202 1286 2261 ἄνα·

243 2292 336 2357 τείνειν
355 2292 442 2381 χεῖρά
464 2294 525 2359 effe
544 2295 767 2361 confeffionem
787 2294 877 2375 victis
900 2294 1028 2359 uberius
1040 2295 1139 2359 ctiam
1154 2297 1286 2385 Xylatl·

243 2391 302 2458 der
317 2392 359 2460 ad
379 2394 462 2460 Plut.
479 2397 620 2484 Lycurg.
642 2396 666 2461 l.
681 2418 712 2460 e.
748 2396 820 2460 Nec
842 2394 1056 2482 pretereundi
1077 2397 1125 2460 N.
1141 2396 1286 2485 Cragius

244 2496 297 2562 De
319 2499 399 2584 Rep.
421 2496 549 2562 Lacaed.
567 2500 628 2562 lll.
645 2499 677 2561 6.
708 2498 743 2560 Ρ.
759 2498 859 2561 Faber
872 2496 1050 2584 Agonillic.
1066 2498 1095 2560 l.
1111 2497 1143 2561 8.
1179 2488 1310 2564 Aliud·

244 2600 288 2664 est
308 2602 424 2688 trutger
444 2605 495 2675 τὰς
515 2605 624 2687 χεῖρας,
645 2597 770 2686 quoda
791 2613 932 2663 certante
954 2612 1011 2662 aut
1031 2614 1204 2664 exercente
1225 2602 1283 2666 tie·

246 2702 321 2767 bat:
345 2702 431 2768 unde
446 2700 672 2788 intelligendus
686 2701 851 2787 Diogenes
867 2701 1012 2765 Laertius
1025 2701 1057 2764 in
1074 2701 1210 2767 Cratete
1221 2704 1285 2768 Vl.

245 2823 298 2890 91.
316 2824 378 2890 92:
402 2817 436 2868 et
450 2804 491 2868 ab
510 2803 624 2867 eodem
648 2803 683 2867 P.
700 2804 800 2867 Fabro
817 2803 994 2888 expolitum
1015 2804 1078 2866 Ill.
1097 2822 1149 2889 13.
1191 2806 1304 2871 Con-·

244 2904 377 2969 tranium
401 2906 444 2970 est
462 2903 586 2984 καθιέναν
605 2908 657 2978 τὰς
678 2908 778 2990 χεῖρας
793 2903 880 2989 quod
898 2904 941 2968 est
962 2903 1129 2991 defatigati
1154 2929 1218 2972 nec
1233 2923 1284 2972 ta·

244 3007 365 3071 mense
381 3008 498 3071 vietum
514 3006 662 3070 fatentis:
695 3029 724 3068 v.
739 3026 768 3068 c.
792 3005 878 3091 apud
903 3005 1068 3070 Philonem
1088 3006 1165 3072 Jud.
1185 3010 1285 3074 Plan·

244 3118 302 3172 tat.
323 3108 450 3174 Noachi
473 3130 504 3194 p.
521 3125 595 3193 234.
610 3109 658 3170 E:
682 3110 711 3169 οὔ
729 3113 827 3193 χεῖρας
849 3108 928 3189 μόνον
950 3110 993 3170 ὑπ’
1007 3108 1152 3188 ἇθενείας,
1167 3111 1215 3173 cla
1229 3122 1285 3177 τῶν

184 3265 190 3277 ,
242 3214 372 3287 ἂθλητῶν
397 3215 421 3273 ci
445 3207 617 3290 νενικημένοι,
645 3209 752 3289 calais,
774 3213 854 3271 ἀλλὰ
880 3208 926 3287 καὶ
951 3209 1058 3294 αὗχένα
1082 3212 1129 3272 καὶ
1156 3220 1287 3294 κεφαλὴν

241 3310 421 3399 σαραὸαλών
439 3312 486 3373 καὶ
507 3309 686 3382 ὄκλάσας-.
725 3309 776 3372 De
796 3309 973 3395 Congreliu
995 3312 1105 3397 Quaer.
1120 3314 1225 3379 Erud.
1248 3337 1284 3403 p.

241 3414 317 3495 448.
327 3416 374 3477 A:
399 3417 449 3487 τὰς
460 3416 558 3496 χεῖρας
574 3414 616 3473 ὑπ’
628 3407 759 3483 ἁθενείας
772 3407 864 3494 ὥσπερ
877 3411 1049 3497 ἀπειρηκότες
1064 3411 1186 3494 ἀθληταὶ
1201 3424 1284 3480 καθ-

243 3519 326 3591 ῆκανί
360 3512 423 3577 Sed
445 3511 477 3576 in
500 3510 661 3575 Laconico
684 3509 769 3574 dicio
791 3510 935 3574 ἀντιτείνειν
956 3516 1007 3585 τὰς
1026 3517 1126 3600 χεῖρας
1153 3514 1287 3585 dicium

242 3617 285 3680 est
299 3639 318 3679 a
331 3616 420 3702 gestu
443 3612 703 3700 supplicantium,
725 3624 781 3675 aut
801 3611 842 3675 ad
864 3612 953 3678 Deos
972 3615 1171 3699 precantium
1182 3642 1193 3696 ;
1221 3643 1285 3684 cu·

236 3717 293 3805 jus
307 3718 455 3803 frequens
471 3713 594 3779 mentio
616 3727 650 3777 et
670 3712 756 3797 apud
775 3712 866 3793 alios,
888 3727 921 3777 et
945 3713 1174 3780 Plutarchum:
1200 3742 1233 3782 v.
1252 3743 1285 3785 c.

242 3820 334 3903 supra
347 3839 381 3902 p.
394 3836 466 3901 105.
484 3818 526 3881 A.
549 3813 617 3880 Vit.
635 3814 738 3900 29.B.
762 3815 815 3897 67.
830 3815 870 3878 C.
891 3830 961 3900 135.
972 3816 1016 3879 A.
1039 3835 1115 3901 323·
1130 3818 1174 3881 A.
1197 3822 1285 3903 382.

240 3920 285 3986 D.
309 3918 383 3983 682.
400 3918 443 3981 D.
467 3918 542 3997 842.
556 3917 601 3980 D.
624 3934 699 4001 902.
714 3914 759 3977 D.
783 3915 856 4000 936.
873 3917 911 3977 E.

287 4021 357 4106 189.
375 4021 409 4082 F.
433 4018 480 4102 ε’.]
515 4017 657 4104 Lycurgi
685 4014 748 4079 hoc
774 4014 951 4078 institutum
976 4016 1111 4080 refertur
1138 4018 1172 4082 in
1198 4022 1285 4109 Ejus

239 4123 316 4187 Vita
331 4144 362 4208 p.
376 4139 431 4205 47.
447 4122 489 4185 D.
512 4122 591 4184 item
611 4141 686 4182 cum
710 4117 889 4181 Antalcidae
912 4118 945 4182 in
971 4119 1152 4205 Agesrlaum
1177 4123 1283 4207 dicto,

238 4222 273 4287 in
289 4221 440 4309 Pelopida
457 4242 492 4308 p.
508 4222 582 4305 285.
598 4222 643 4285 D.
672 4219 819 4304 Agesilao
834 4221 910 4283 610.
925 4221 971 4284 D.
1005 4222 1182 4308 Apophth.
1195 4227 1281 4308 lac.
