2692 4770
195 304 271 372 1092
382 299 420 358 D.
435 301 485 395 W.
506 301 715 360 ANIMADV.
735 303 783 362 IN
804 300 1032 396 PLUTARCHI

184 459 354 545 sponderet,
370 461 557 528 deliberaret.
582 464 745 530 Caeterum
760 464 792 529 in
808 465 911 528 nostro
922 461 994 527 loco
1007 459 1100 526 Harl.
1111 454 1239 524 om'id'd

194 560 254 638 οὐκ,
270 558 326 622 dat
338 565 419 644 -μὴ
433 564 576 629 ἀποδώσει·
600 563 686 650 quod
703 564 881 652 praeseram.

240 661 312 725 186.
329 664 367 726 E.
390 662 435 750 ε’.]
464 666 557 730 Hanc
573 666 708 730 historiae
725 681 849 752 partem
869 663 993 729 fortasse
1010 660 1125 726 librarii
1141 658 1233 725 omi-

195 758 303 826 serunt
322 763 353 827 in
376 765 454 830 Vita
472 767 649 831 Alcibiadis
669 788 702 853 p.
717 786 790 833 202.
805 768 848 831 D.
865 767 920 831 ubi
941 763 1084 851 proxima
1100 774 1233 826 tantum

194 882 268 948 pars
280 862 426 928 refertur.
448 870 495 930 At
506 868 654 932 AElianus
664 870 741 932 Var.
755 867 835 932 Hist.
849 868 945 931 XIII.
953 867 1007 950 38.
1020 863 1129 928 omnia
1143 862 1232 940 haec,

196 984 268 1049 quae
283 965 383 1030 tribus
399 966 449 1031 his
470 967 620 1055 deinceps
640 969 780 1033 numeris
791 969 1017 1043 continentur,
1035 964 1165 1028 retulit:
1189 984 1235 1027 ex

48 1068 64 1076 ”
196 1085 261 1150 quo
276 1066 377 1130 noster
391 1067 481 1132 locus
497 1068 716 1134 emendandus
737 1070 792 1148 est,
815 1074 899 1148 ζητὲιν
919 1072 1078 1150 ἀποφυγᾶν,
1095 1068 1154 1142 ἐξὸν
1173 1082 1231 1147 φυ-

196 1170 264 1249 γεῖν·
289 1167 334 1231 ita
348 1168 434 1232 enim
451 1168 515 1234 illic
531 1170 669 1258 legitur:
693 1170 782 1246 Οὗτος
796 1172 837 1233 tet
853 1169 942 1257 apion
956 1168 1121 1250 καλούμενος
1134 1171 1235 1228 θοινα-

196 1269 274 1343 τικῆν
292 1271 323 1331 ἐκ
342 1268 475 1344 Σικελίας
498 1273 547 1334 iuri
560 1280 614 1335 τῶν
625 1271 790 1351 Ἀθηναίων,
811 1274 865 1356 οὐχ
884 1271 1020 1348 ὑπήκουσεν
1036 1267 1124 1331 slacio·
1150 1264 1233 1343 Erin-

196 1371 243 1444 θος
259 1371 305 1433 τὸν
325 1369 428 1455 ἔχοντα
443 1370 516 1449 δίκην
538 1374 622 1453 ζηπεῖν
643 1377 802 1457 ἀποφυγεῖν,
818 1375 872 1436 ἐνὸν
885 1378 989 1456 φυγεῖν.
1026 1369 1132 1433 Vertit
1155 1369 1232 1454 Xy-

196 1463 325 1536 lauder:
338 1471 467 1558 stultum
489 1475 543 1559 effi
565 1475 662 1537 dicens
686 1499 767 1537 reum
790 1474 853 1561 qui,
876 1498 941 1537 cum
952 1472 1066 1558 figere
1076 1469 1235 1557 judicium

197 1570 295 1650 liceat,
312 1586 431 1658 quaerot
445 1575 495 1660 qui
511 1576 542 1636 in
557 1575 629 1663 cose
644 1575 802 1662 defendat:
818 1576 1009 1661 postremum
1024 1572 1140 1637 restius
1156 1570 1235 1635 red·

199 1671 304 1752 datur,
327 1686 445 1760 quaerat
464 1676 601 1762 quomodo
611 1677 727 1764 judicio
741 1676 926 1763 absolvatur.
959 1675 1064 1738 Verba
1086 1674 1160 1738 sunt
1179 1673 1235 1738 so-

198 1773 297 1837 rensra
315 1774 433 1858 φεύγειν,
449 1778 592 1865 accusari,
608 1777 780 1863 ἀποφεύγει,
792 1777 908 1864 judicio
922 1774 1058 1863 absolvi:
1081 1787 1115 1838 at
1136 1773 1236 1839 Alci·

197 1873 307 1939 biades
329 1874 466 1941 alterum
488 1877 648 1964 ἀποφεύγει
674 1878 831 1943 intellexit
853 1877 964 1941 forensi
987 1874 1238 1954 consuetudine,

198 1988 232 2037 at
254 1981 346 2060 φυγεῖν
368 1977 531 2041 communi
556 1978 688 2043 notione
711 1976 887 2064 ffugiauli.
930 1975 1025 2039 Plura
1048 1973 1237 2057 Perizonius

198 2073 257 2140 1.l.
272 2091 306 2141 et
320 2077 436 2142 citatus
450 2079 491 2143 ab
506 2102 545 2144 eo
560 2079 743 2163 Leopardus
758 2076 893 2143 Emend.
910 2078 1001 2141 XIV.
1018 2092 1067 2161 15.

244 2180 317 2242 186.
331 2181 368 2243 E.
387 2178 423 2250 ς’.
441 2180 570 2254 Εἰπόντος
584 2179 611 2242 δέ
624 2182 748 2264 τινος-]
775 2181 813 2243 ln
828 2179 906 2243 Vita
919 2177 1095 2243 Alcibiadis
1108 2199 1140 2264 p.
1157 2197 1236 2251 202,

198 2280 232 2344 D
246 2304 254 2342 e
278 2278 354 2342 hinc
370 2278 516 2343 AElianus
530 2283 606 2344 Var.
622 2281 703 2344 Hist.
719 2282 814 2344 Xlll.
829 2281 884 2364 38.

245 2382 317 2446 186.
333 2384 368 2446 F.
393 2380 432 2464 ζ’.
454 2381 593 2457 Ἀκούσας
607 2384 690 2467 δὲ-]
718 2384 800 2446 Item
821 2405 860 2446 ex
880 2381 957 2446 Vita
973 2381 1078 2446 Alcib.
1102 2403 1135 2467 p.
1156 2401 1238 2451 202.

198 2480 243 2547 D.
269 2500 341 2567 203.
357 2482 399 2545 B:
423 2505 462 2545 ex
484 2482 637 2567 praesente
659 2482 731 2546 loco
754 2482 859 2545 sumsit
882 2481 1029 2545 AElianus
1049 2482 1126 2544 Var.
1148 2481 1237 2544 Hist.

200 2586 296 2649 XIII.
312 2586 368 2668 38;
394 2584 503 2670 attigit
523 2584 644 2648 distum
662 2584 828 2670 Polyaenus
844 2585 869 2646 l.
885 2603 939 2664 40.
955 2588 987 2648 6.
1023 2584 1110 2645 Nam
1125 2604 1177 2645 res
1194 2607 1237 2646 ex

200 2687 338 2750 Historia
353 2700 438 2749 notae
454 2688 536 2750 sunt.
566 2690 658 2750 Forte
675 2701 779 2750 tamen
796 2684 1005 2761 monendum,
1022 2684 1237 2747 Lacedaemo-

200 2773 282 2865 nius,
304 2786 454 2850 suadente
477 2785 656 2863 Alcibiade,
675 2786 849 2850 Deceleam
869 2785 989 2848 Atticae
1004 2783 1158 2870 oppidum
1174 2809 1237 2849 oc-

198 2889 323 2974 cupasse
333 2904 365 2950 et
381 2888 554 2966 munivisse,
566 2887 640 2950 inde
654 2888 758 2972 postea
769 2888 913 2951 Atticam
929 2887 1083 2950 continuo
1096 2888 1236 2966 vexasse3

200 2990 240 3054 de
261 3013 327 3076 quo
348 2989 552 3077 Thucydides
575 2992 653 3053 VII.
678 3009 728 3074 19.
751 2989 815 3075 seq.
858 2990 958 3053 Corn.
985 2990 1096 3074 Nepos
1122 2989 1236 3058 Alcib.

201 3278 205 3284 ¹
246 3195 318 3258 186.
336 3195 371 3256 F.
394 3193 622 3276 damaxus]
648 3191 823 3255 Alcibiadis
843 3215 919 3256 cum
938 3190 1033 3255 Nicia
1052 3190 1084 3253 in
1099 3191 1237 3274 expedi-

202 3297 289 3360 tione
312 3294 460 3360 Sicilienfi
484 3293 621 3379 collega,
644 3293 747 3378 magis
768 3307 805 3357 ut
821 3316 920 3356 manu
944 3306 977 3355 et
998 3291 1106 3355 animo
1127 3293 1238 3372 scriis,

201 3420 296 3483 quam
321 3396 450 3482 ingenio
472 3394 662 3479 consilioque
683 3394 786 3479 sagax,
803 3394 926 3470 fertur;
951 3392 1050 3479 igitur
1072 3415 1130 3456 nec
1151 3415 1238 3479 apo-

201 3499 414 3586 phthegmata
436 3518 496 3561 nec
519 3497 740 3581 strategemata
762 3495 830 3581 ejus
852 3516 1048 3580 magnopere
1071 3494 1159 3557 fuisse
1186 3496 1239 3560 vi-

201 3600 339 3663 dentur:
369 3612 454 3663 certe
477 3621 541 3661 non
565 3612 792 3660 memorantur.
830 3596 990 3660 Plutarchi
1013 3597 1099 3660 hunc
1122 3596 1238 3662 locum

202 3702 264 3764 sine
279 3700 347 3786 ejus
362 3700 502 3777 nomine,
517 3713 554 3762 ut
568 3698 699 3776 multoe,
711 3697 869 3783 descripfit
884 3699 1031 3760 Stobaeus
1046 3697 1150 3760 Floril.
1166 3699 1237 3764 Tit.

202 3805 277 3868 Lll.
303 3824 335 3886 p.
351 3804 413 3886 365
427 3826 435 3865 t
463 3801 605 3885 Λάμαχος
620 3801 735 3881 ἐπετίμα
749 3800 800 3861 τινῖ
815 3808 869 3861 τοῖν
883 3808 1019 3885 λοχαγῶν
1034 3799 1235 3887 οἶμοιφτοῖνοντι·

201 3912 249 3967 τοῦ
263 3905 290 3967 δὲ
305 3905 448 3983 φήσαντος,
461 3901 559 3982 μηκέτι
570 3909 650 3965 τοῦτο
664 3902 800 3978 ποιήσειν,
816 3904 879 3962 Ουίι
895 3901 960 3978 ἔςιυ,
975 3901 1056 3978 εἶπεν,
1072 3906 1097 3963 ἐν
1111 3902 1238 3989 πολέμῳ

201 4005 239 4078 δὶς
253 4004 428 4087 ἁμαρτάνειν.
458 4001 570 4065 lisdem
584 4002 685 4065 verbis
699 4001 807 4064 retulit
819 4001 852 4063 S.
863 4001 1025 4065 Antonius
1040 4002 1070 4064 in
1084 4003 1235 4068 Sentent.

201 4127 234 4192 p.
252 4106 324 4170 268.
363 4107 436 4169 Hoc
460 4100 613 4166 Lamacbi
631 4102 750 4167 dietum
767 4101 800 4165 in
819 4097 990 4166 Proierbiis
1013 4102 1117 4188 posuit
1139 4106 1234 4169 Eras-

201 4228 274 4299 mus
294 4228 325 4291 p.
344 4222 437 4292 1095.
453 4220 486 4271 et
500 4204 653 4274 Schottus
668 4206 701 4270 in
718 4207 863 4271 Proverb.
880 4205 1011 4270 Mettio.
1029 4225 1101 4292 232.
