2692 4770
227 341 289 409 970
417 334 458 393 D.
472 333 524 394 W.
544 332 754 394 ANIMADV.
776 335 824 394 IN
844 333 1077 394 PLUTARCHI

227 497 315 564 tione
340 497 482 586 hippacen
508 498 702 586 Scytharum
723 497 915 585 Hippocrati
939 497 1057 564 dictam
1080 496 1126 573 nol
1144 497 1265 578 ἱππάκην

226 599 365 688 τρῶγνσι·
389 607 468 664 τοῦτο
490 601 566 674 δ’ἒςὶ
586 603 663 686 τορὸς
682 601 780 664 ἵππων·
803 601 907 667 mellis
928 615 1037 666 autem
1059 600 1189 666 nomine
1212 601 1263 665 in-

226 700 330 788 telligi
344 700 458 765 dulcem
471 702 612 780 radicem,
628 724 700 789 quae
720 702 804 768 circa
823 703 971 769 Maeotim
994 702 1117 781 crescit,
1140 702 1181 768 de
1200 727 1265 791 qua

226 802 463 889 Theophrastus
485 803 565 867 Hist.
590 802 693 868 Plant.
711 804 770 867 IX.
789 825 851 890 13:
874 805 984 886 livarrou
1003 805 1030 868 δὲ
1051 803 1098 884 κα)
1114 808 1162 882 τὴν
1180 804 1264 880 δίψαν

221 904 338 986 Ισνοιόειν,
362 905 407 969 ἐόν
431 932 473 980 τις
495 910 522 968 ἓν
540 911 580 992 τῷ
603 904 704 988 ςόματι
725 905 790 993 ‘xl‘
818 908 856 970 tn
878 907 965 995 σοιότη
982 934 1014 972 σε
1034 905 1080 987 καὶ
1100 914 1134 995 τῇ
1157 913 1263 994 inungi

224 1004 328 1093 διάγειν
342 1008 411 1089 φασὶ
424 1008 485 1083 τοὺς
499 1007 616 1083 Σκύθας
629 1007 729 1095 ἡμέρας
744 1006 790 1082 καὶ
804 1007 897 1072 ἕνδεκα
912 1007 958 1087 ιω)
970 1008 1085 1073 δώδεκα.
1225 1020 1228 1024 ’

270 1111 388 1195 157.F.
411 1118 464 1173 τῶν
489 1112 533 1172 ἑκ·
547 1109 704 1197 rosseleon]
737 1108 789 1173 Sic
812 1122 846 1174 et
866 1110 957 1174 Harl.
976 1129 1004 1174 1.
1035 1109 1263 1196 Frequentissi·

224 1234 316 1279 muru
333 1211 472 1277 Medicis
487 1209 690 1289 vocabulum,
712 1210 851 1301 ιῦσόςιςα,
872 1211 1049 1302 parabilia:
1072 1235 1138 1298 quo
1160 1212 1265 1278 utitu'r

224 1313 417 1379 Plutarchus
442 1314 487 1378 II.
512 1333 545 1406 p.
563 1331 636 1395 204.
658 1312 697 1376 B.
725 1314 799 1378 661.
815 1315 859 1378 A.
888 1315 963 1403 698.
979 1314 1017 1378 B.
1049 1314 1143 1378 1068.
1160 1313 1201 1379 C.
1233 1316 1260 1378 l.

223 1416 299 1502 518.
317 1418 352 1479 F.
375 1417 450 1479 620.
464 1414 503 1477 B.
994 1477 996 1483 ¹

270 1532 342 1602 157.
361 1519 394 1582 F.
418 1513 556 1593 πηδάλιον
568 1513 635 1602 ὑπὲρ
650 1512 901 1604 καπνοῦ-Ἔργα
912 1517 997 1602 βοῶν]
1025 1514 1156 1582 Hefiodi
1167 1513 1262 1604 Ἔςγ.

223 1620 347 1704 45146·

267 1741 301 1806 p.
320 1718 391 1804 158.
408 1720 449 1783 A.
475 1716 576 1796 Δηλόος
599 1715 719 1804 ἔναγχος
735 1717 922 1801 ποιησάμενος
938 1721 984 1782 τὸν
1001 1719 1094 1804 μέγαν
1116 1718 1264 1804 καθαρμόν

222 1820 450 1902 -ὀεομνημιιτα
473 1819 626 1906 τοοφῆς-]
653 1819 691 1882 In
712 1817 871 1904 expiando
897 1819 1012 1884 scelere
1036 1818 1197 1905 Cyloneo,
1220 1817 1262 1882 de

223 1942 289 2010 quo
303 1919 441 1984 diximus
457 1917 555 1984 modo
572 1935 644 2005 157.
656 1919 700 1983 D.
716 1933 822 2004 partes
837 1918 933 1984 etiam
954 1921 1023 1984 suas
1046 1920 1161 1984 tribuit
1180 1919 1262 2006 Epi-

219 2021 370 2090 menides
384 2020 468 2087 Delo
483 2019 605 2100 insula,
620 2035 658 2085 ut
672 2020 808 2085 videtur.
831 2022 1049 2086 Monumeuta
1059 2021 1263 2109 antiquiffimi

224 2123 290 2189 cibi
311 2136 345 2187 et
367 2121 498 2208 frugum
516 2143 535 2184 a
552 2120 709 2208 plerisque
731 2121 912 2186 civitatibus
927 2123 1099 2210 quotannis
1113 2123 1263 2188 Athenas

222 2224 313 2293 milla
326 2225 472 2290 beneficii
487 2238 520 2288 et
534 2223 726 2289 inventionis
740 2224 855 2304 caussa,
871 2226 978 2313 prodit
993 2228 1146 2292 Isocrates
1162 2229 1262 2292 Pane·

222 2350 295 2417 gyr.
320 2349 354 2415 p.
371 2345 431 2414 79:
456 2331 486 2390 al
510 2327 560 2409 μὲν
581 2331 641 2415 γὰρ
664 2331 784 2406 πλεῖς-οη
802 2335 856 2391 τῶν
879 2328 991 2393 πόλεων
1012 2331 1196 2413 ὑπομνήματα
1214 2337 1263 2408 τῆς

222 2432 357 2506 ’παλαιᾶς
380 2429 537 2518 εὐεργεσίας
560 2435 696 2518 ἀπαρχὰς
715 2439 763 2495 τοῦ
785 2430 851 2495 cira
877 2436 943 2496 καθ’
967 2432 1064 2506 ἕκαςον
1087 2436 1207 2497 ἐνιαυτὸν
1227 2436 1265 2508 ὥς

220 2539 294 2616 ημᾶς
315 2531 507 2613 leonianam.
543 2534 585 2596 Et
606 2533 803 2621 Pythagoras
822 2533 855 2596 iu
875 2532 960 2598 Delo
975 2534 1081 2599 Insula
1101 2535 1220 2599 dicitur
1242 2559 1263 2599 a

222 2635 373 2722 Diogene
395 2635 523 2699 Laertio
538 2636 635 2699 VIII.
653 2655 703 2721 13.
721 2637 814 2717 βωμόν
835 2643 1027 2724 ωςοσκονῇσαη
1041 2664 1119 2718 μονον
1135 2642 1161 2700 ἐν
1176 2638 1265 2724 Δήλῳ

220 2746 271 2803 ’τοῦ
289 2738 463 2812 ’Λπόλλωνος
476 2745 523 2801 τοῦ
538 2737 688 2823 γενέτορος,
709 2737 734 2812 ός
753 2743 807 2811 ἒςιν
822 2738 922 2802 ὄπιθεν
938 2748 985 2803 τοῦ
1004 2741 1144 2825 aspasius,
1166 2744 1211 2805 διιὶ
1230 2744 1264 2805 τό

149 2835 152 2845 ’
221 2839 385 2926 ’πυρόςκαὶ
411 2844 508 2926 κριθὰς
533 2840 579 2918 καὶ
599 2844 637 2904 τοὶ
658 2840 776 2904 οτόσοινοι
797 2842 868 2923 μόνοι
887 2841 1007 2919 τόθεῶαη
1030 2846 1070 2905 ἐπ’
1093 2848 1176 2907 αὑτοῦ
1197 2844 1262 2910 ἄνευ

222 2946 315 3030 πυρὸς,
330 2941 363 3017 όός
379 2961 458 3023 φησιν
471 2942 647 3029 Ἀρις-οτέλης
662 2948 688 3006 ἐν
702 2942 811 3019 Δηλόων
823 2946 959 3031 πολιτεόᾳ.
992 2947 1045 3010 De
1060 2945 1263 3031 Epimenidis

222 3045 406 3112 lustratione
428 3058 580 3110 notarunt
599 3044 746 3128 quaedam
769 3045 911 3110 Davifius
934 3060 967 3112 et
990 3047 1204 3113 Marklandus
1218 3050 1263 3114 ad

222 3147 359 3214 Maxim.
373 3149 450 3233 Tyr.
469 3145 547 3210 Diss.
565 3146 757 3209 XXXVIII.
773 3165 805 3230 3.
831 3168 967 3232 quorum
991 3147 1045 3213 lric
1067 3148 1152 3212 recle
1171 3149 1264 3215 hunc

223 3249 387 3315 Plutarchi
409 3248 515 3312 locum
531 3247 575 3310 ira
589 3246 733 3332 exponit,
749 3268 785 3310 ut
800 3248 912 3325 Dolus,
930 3249 1048 3336 quippe
1064 3272 1136 3335 pars
1149 3251 1262 3315 Athe·

224 3373 350 3428 narum,
367 3349 394 3437 ej
400 3347 506 3412 uidem
522 3347 712 3412 lustrationis
726 3349 885 3436 particeps
898 3349 980 3413 tetra
994 3350 1100 3414 luerit.
1135 3350 1265 3439 Religio

224 3453 341 3519 Insulae
356 3466 388 3516 et
405 3450 610 3515 sanctimonia
625 3450 744 3514 nemini
764 3449 887 3538 ignota.
926 3452 1036 3516 Sacras
1052 3452 1192 3516 Athenis
1211 3453 1264 3516 le-

222 3554 369 3642 ga'ti0nes
389 3553 482 3616 certIs
505 3551 704 3636 temporibus
722 3574 761 3615 eo
777 3552 893 3633 niitl'as,
917 3553 1027 3640 attigit
1043 3554 1263 3640 Spanhemius

224 3656 265 3721 ad
281 3655 471 3721 Calliruaclr.
488 3655 532 3717 H.
550 3654 581 3716 in
598 3651 671 3716 Del.
686 3672 762 3738 314.

270 3759 341 3842 158.
357 3760 398 3820 Α.
421 3758 480 3837 μετ’
495 3754 601 3839 ἄλλων]
630 3754 683 3818 Sic
698 3767 731 3817 ct
747 3753 838 3817 Harl.
857 3775 885 3819 1.

269 3860 341 3944 158.
357 3861 400 3922 A.
425 3854 595 3940 Κλεόδημος]
623 3854 779 3940 Κλεόδωρος
797 3856 889 3919 Harl.
909 3876 937 3919 1.
951 3875 981 3921 2.

269 3963 340 4048 158.
356 3964 400 4026 A.
420 3959 613 4044 Ἡσίοδος-ιη
634 3961 740 4044 βρεφῶν
762 3958 912 4043 καθίσεως]
940 3960 990 4023 De
1013 3959 1128 4025 horum
1150 3961 1266 4047 pleris-

224 4089 287 4152 que
307 4064 442 4128 breviter
464 4074 497 4124 et
516 4060 630 4123 verbo:
655 4058 768 4135 διαίτης,
786 4057 876 4144 Ἐργ.
891 4079 950 4142 47:
976 4061 1098 4149 κςόισεως
1121 4062 1190 4140 cisa,
1212 4065 1266 4129 vi·

224 4167 319 4230 detur
343 4164 501 4251 pertinere
524 4161 564 4225 ad
590 4175 664 4244 745.
690 4160 769 4238 Μηδὲ
790 4163 849 4223 ποτ’
870 4163 990 4247 οἰνοχόην
1012 4164 1146 4228 citatum
1170 4168 1268 4253 supra

228 4270 300 4354 156.
316 4270 355 4332 Ε.
378 4280 411 4331 et
432 4266 516 4352 368:
540 4265 637 4352 οἰςισῆς
655 4260 763 4340 ὕδατος,
785 4280 861 4351 595.
877 4283 894 4348 7
897 4268 1064 4350 36-740:
1088 4268 1191 4354 λοότρε
1205 4295 1266 4354 γυ·
