<?xml version="1.0" encoding="UTF-8"?>
<!DOCTYPE html PUBLIC "-//W3C//DTD XHTML 1.0 Transitional//EN"
    "http://www.w3.org/TR/xhtml1/DTD/xhtml1-transitional.dtd">
<html xmlns="http://www.w3.org/1999/xhtml" xml:lang="en" lang="en">
 <head>
  <title>
</title>
<meta http-equiv="Content-Type" content="text/html;charset=utf-8" />
  <meta name='ocr-system' content='tesseract 3.04.00' />
  <meta name='ocr-capabilities' content='ocr_page ocr_carea ocr_par ocr_line ocrx_word'/>
</head>
<body>
  <div class='ocr_page' id='page_1' title='image "./plutarchichaero01plutgoog_0188.png"; bbox 0 0 2692 4770; ppageno 0'>
   <div class='ocr_carea' id='block_1_1' title="bbox 203 283 1165 381">
    <p class='ocr_par' dir='ltr' id='par_1_1' title="bbox 203 283 1165 381">
     <span class='ocr_line' id='line_1_1' title="bbox 203 283 1165 381; baseline -0.003 -16"><span class='ocrx_word' id='word_1_1' title='bbox 203 283 1086 381; x_wconf 73' lang='lat' dir='ltr'>consonas.nnnmnwmuu.p.109.r-no.n.</span> <span class='ocrx_word' id='word_1_2' title='bbox 1108 311 1165 374; x_wconf 64' lang='grc' dir='ltr'>ιιι</span> 
     </span>
    </p>
   </div>
   <div class='ocr_carea' id='block_1_2' title="bbox 152 466 1182 4276">
    <p class='ocr_par' dir='ltr' id='par_1_2' title="bbox 152 466 1171 1255">
     <span class='ocr_line' id='line_1_2' title="bbox 307 466 984 554; baseline 0.012 -25"><span class='ocrx_word' id='word_1_3' title='bbox 307 466 417 550; x_wconf 66' lang='lat' dir='ltr'>’Anyti</span> <span class='ocrx_word' id='word_1_4' title='bbox 426 469 487 554; x_wconf 62' lang='grc' dir='ltr'>γὰρ</span> <span class='ocrx_word' id='word_1_5' title='bbox 499 468 571 531; x_wconf 73' lang='lat' dir='ltr'>nisit</span> <span class='ocrx_word' id='word_1_6' title='bbox 582 474 636 531; x_wconf 75' lang='grc' dir='ltr'>τῶν</span> <span class='ocrx_word' id='word_1_7' title='bbox 649 474 741 531; x_wconf 74' lang='grc' dir='ltr'><strong><em>κακῶν</em></strong></span> <span class='ocrx_word' id='word_1_8' title='bbox 754 467 901 548; x_wconf 71' lang='grc' dir='ltr'>ἡῶἦμινος.</span> <span class='ocrx_word' id='word_1_9' title='bbox 981 532 984 537; x_wconf 94' lang='grc'><strong>.</strong></span> 
     </span>
     <span class='ocr_line' id='line_1_3' title="bbox 159 564 1168 655; baseline -0.002 -24"><span class='ocrx_word' id='word_1_10' title='bbox 159 564 362 653; x_wconf 73' lang='lat' dir='ltr'>Apposuimus</span> <span class='ocrx_word' id='word_1_11' title='bbox 382 580 486 633; x_wconf 87' lang='lat' dir='ltr'>totam</span> <span class='ocrx_word' id='word_1_12' title='bbox 506 573 594 655; x_wconf 69' lang='grc' dir='ltr'>ῥῆσιν,</span> <span class='ocrx_word' id='word_1_13' title='bbox 614 581 653 633; x_wconf 90' lang='lat' dir='ltr'>ut</span> <span class='ocrx_word' id='word_1_14' title='bbox 673 581 822 655; x_wconf 78' lang='lat' dir='ltr'>appareat</span> <span class='ocrx_word' id='word_1_15' title='bbox 841 590 912 634; x_wconf 85' lang='lat' dir='ltr'>eam</span> <span class='ocrx_word' id='word_1_16' title='bbox 933 568 979 633; x_wconf 89' lang='lat' dir='ltr'>ita</span> <span class='ocrx_word' id='word_1_17' title='bbox 1001 567 1168 633; x_wconf 83' lang='lat' dir='ltr'>convenire</span> 
     </span>
     <span class='ocr_line' id='line_1_4' title="bbox 157 665 1169 751; baseline 0 -22"><span class='ocrx_word' id='word_1_18' title='bbox 157 686 219 729; x_wconf 81' lang='lat' dir='ltr'>erm</span> <span class='ocrx_word' id='word_1_19' title='bbox 241 665 344 751; x_wconf 79' lang='lat' dir='ltr'>priori</span> <span class='ocrx_word' id='word_1_20' title='bbox 363 668 464 746; x_wconf 82' lang='lat' dir='ltr'>versu,</span> <span class='ocrx_word' id='word_1_21' title='bbox 486 683 524 734; x_wconf 86' lang='lat' dir='ltr'>ut</span> <span class='ocrx_word' id='word_1_22' title='bbox 544 690 616 733; x_wconf 82' lang='lat' dir='ltr'>earn</span> <span class='ocrx_word' id='word_1_23' title='bbox 639 669 826 733; x_wconf 75' lang='lat' dir='ltr'>Plutarchus</span> <span class='ocrx_word' id='word_1_24' title='bbox 847 669 878 733; x_wconf 93' lang='lat' dir='ltr'>in</span> <span class='ocrx_word' id='word_1_25' title='bbox 901 668 1008 732; x_wconf 86' lang='lat' dir='ltr'>animo</span> <span class='ocrx_word' id='word_1_26' title='bbox 1029 666 1169 730; x_wconf 80' lang='lat' dir='ltr'>habuisse</span> 
     </span>
     <span class='ocr_line' id='line_1_5' title="bbox 156 764 1167 857; baseline -0.003 -26"><span class='ocrx_word' id='word_1_27' title='bbox 156 764 298 831; x_wconf 74' lang='lat' dir='ltr'>silentur.</span> <span class='ocrx_word' id='word_1_28' title='bbox 339 767 461 833; x_wconf 80' lang='lat' dir='ltr'>Retulit</span> <span class='ocrx_word' id='word_1_29' title='bbox 481 788 555 833; x_wconf 86' lang='lat' dir='ltr'>enm</span> <span class='ocrx_word' id='word_1_30' title='bbox 577 782 611 834; x_wconf 86' lang='lat' dir='ltr'>et</span> <span class='ocrx_word' id='word_1_31' title='bbox 623 769 755 834; x_wconf 83' lang='lat' dir='ltr'>Grotius</span> <span class='ocrx_word' id='word_1_32' title='bbox 775 770 808 832; x_wconf 90' lang='lat' dir='ltr'>in</span> <span class='ocrx_word' id='word_1_33' title='bbox 827 769 993 857; x_wconf 79' lang='lat' dir='ltr'>Excerptis</span> <span class='ocrx_word' id='word_1_34' title='bbox 1013 769 1109 852; x_wconf 83' lang='lat' dir='ltr'>Trag.</span> <span class='ocrx_word' id='word_1_35' title='bbox 1133 786 1167 849; x_wconf 91' lang='lat' dir='ltr'>p.</span> 
     </span>
     <span class='ocr_line' id='line_1_6' title="bbox 154 864 1170 954; baseline -0.002 -23"><span class='ocrx_word' id='word_1_36' title='bbox 154 882 217 953; x_wconf 71' lang='grc'><strong>199.</strong></span> <span class='ocrx_word' id='word_1_37' title='bbox 234 878 270 931; x_wconf 83' lang='lat' dir='ltr'>et</span> <span class='ocrx_word' id='word_1_38' title='bbox 290 864 393 930; x_wconf 87' lang='lat' dir='ltr'>habet</span> <span class='ocrx_word' id='word_1_39' title='bbox 404 867 551 932; x_wconf 79' lang='lat' dir='ltr'>Stoboeus</span> <span class='ocrx_word' id='word_1_40' title='bbox 568 889 603 954; x_wconf 91' lang='lat' dir='ltr'>p.</span> <span class='ocrx_word' id='word_1_41' title='bbox 618 869 691 933; x_wconf 81' lang='lat'>602.</span> <span class='ocrx_word' id='word_1_42' title='bbox 729 870 765 933; x_wconf 94' lang='lat' dir='ltr'>ln</span> <span class='ocrx_word' id='word_1_43' title='bbox 782 869 898 932; x_wconf 90' lang='lat' dir='ltr'>ultimo</span> <span class='ocrx_word' id='word_1_44' title='bbox 911 868 997 933; x_wconf 82' lang='lat' dir='ltr'>versu</span> <span class='ocrx_word' id='word_1_45' title='bbox 1009 889 1112 954; x_wconf 84' lang='lat' dir='ltr'>genus</span> <span class='ocrx_word' id='word_1_46' title='bbox 1126 867 1170 931; x_wconf 84' lang='lat' dir='ltr'>est</span> 
     </span>
     <span class='ocr_line' id='line_1_7' title="bbox 152 966 1170 1056; baseline 0.002 -25"><span class='ocrx_word' id='word_1_47' title='bbox 152 966 387 1033; x_wconf 74' lang='lat' dir='ltr'>eonsimffionis</span> <span class='ocrx_word' id='word_1_48' title='bbox 399 967 562 1049; x_wconf 86' lang='lat' dir='ltr'>audacius,</span> <span class='ocrx_word' id='word_1_49' title='bbox 577 992 642 1055; x_wconf 91' lang='lat' dir='ltr'>quo</span> <span class='ocrx_word' id='word_1_50' title='bbox 657 970 839 1056; x_wconf 81' lang='lat' dir='ltr'>negativum</span> <span class='ocrx_word' id='word_1_51' title='bbox 854 970 913 1032; x_wconf 73' lang='lat' dir='ltr'>siis</span> <span class='ocrx_word' id='word_1_52' title='bbox 927 968 968 1033; x_wconf 87' lang='lat' dir='ltr'>ad</span> <span class='ocrx_word' id='word_1_53' title='bbox 981 972 1068 1052; x_wconf 76' lang='grc' dir='ltr'><strong>ἀλγεῖ</strong></span> <span class='ocrx_word' id='word_1_54' title='bbox 1078 980 1114 1034; x_wconf 88' lang='lat' dir='ltr'>et</span> <span class='ocrx_word' id='word_1_55' title='bbox 1127 967 1170 1033; x_wconf 80' lang='lat' dir='ltr'>ad</span> 
     </span>
     <span class='ocr_line' id='line_1_8' title="bbox 152 1066 1171 1156; baseline 0.001 -25"><span class='ocrx_word' id='word_1_56' title='bbox 152 1066 282 1149; x_wconf 54' lang='lat' dir='ltr'>thuim</span> <span class='ocrx_word' id='word_1_57' title='bbox 306 1067 509 1133; x_wconf 82' lang='lat' dir='ltr'>referendum</span> <span class='ocrx_word' id='word_1_58' title='bbox 533 1070 595 1134; x_wconf 88' lang='lat' dir='ltr'>est:</span> <span class='ocrx_word' id='word_1_59' title='bbox 629 1069 827 1156; x_wconf 86' lang='lat' dir='ltr'>frequentius</span> <span class='ocrx_word' id='word_1_60' title='bbox 851 1068 930 1133; x_wconf 90' lang='lat' dir='ltr'>illud</span> <span class='ocrx_word' id='word_1_61' title='bbox 956 1069 988 1133; x_wconf 92' lang='lat' dir='ltr'>in</span> <span class='ocrx_word' id='word_1_62' title='bbox 1014 1068 1171 1133; x_wconf 74' lang='lat' dir='ltr'>aientibus</span> 
     </span>
     <span class='ocr_line' id='line_1_9' title="bbox 152 1166 776 1255; baseline 0.002 -24"><span class='ocrx_word' id='word_1_63' title='bbox 152 1166 337 1247; x_wconf 69' lang='lat' dir='ltr'>enuntietis,</span> <span class='ocrx_word' id='word_1_64' title='bbox 351 1167 384 1231; x_wconf 93' lang='lat' dir='ltr'>in</span> <span class='ocrx_word' id='word_1_65' title='bbox 398 1168 589 1255; x_wconf 75' lang='lat' dir='ltr'>negantibus</span> <span class='ocrx_word' id='word_1_66' title='bbox 602 1191 776 1255; x_wconf 87' lang='lat' dir='ltr'>perrarum.</span> 
     </span>
    </p>

    <p class='ocr_par' dir='ltr' id='par_1_3' title="bbox 152 1269 1173 2164">
     <span class='ocr_line' id='line_1_10' title="bbox 186 1269 1172 1358; baseline -0.001 -23"><span class='ocrx_word' id='word_1_67' title='bbox 186 1272 313 1357; x_wconf 79' lang='lat' dir='ltr'>109.·F.</span> <span class='ocrx_word' id='word_1_68' title='bbox 335 1271 476 1356; x_wconf 71' lang='grc' dir='ltr'>γιιόμνον</span> <span class='ocrx_word' id='word_1_69' title='bbox 488 1273 675 1358; x_wconf 46' lang='lat' dir='ltr'>salossa]</span> <span class='ocrx_word' id='word_1_70' title='bbox 704 1276 786 1338; x_wconf 89' lang='lat' dir='ltr'>Item</span> <span class='ocrx_word' id='word_1_71' title='bbox 807 1273 897 1337; x_wconf 86' lang='lat' dir='ltr'>locus</span> <span class='ocrx_word' id='word_1_72' title='bbox 916 1270 1107 1351; x_wconf 86' lang='lat' dir='ltr'>communis,</span> <span class='ocrx_word' id='word_1_73' title='bbox 1124 1269 1172 1334; x_wconf 84' lang='lat' dir='ltr'>nil</span> 
     </span>
     <span class='ocr_line' id='line_1_11' title="bbox 152 1369 1170 1460; baseline 0.002 -26"><span class='ocrx_word' id='word_1_74' title='bbox 152 1369 267 1457; x_wconf 71' lang='lat' dir='ltr'>eiffem</span> <span class='ocrx_word' id='word_1_75' title='bbox 290 1371 371 1435; x_wconf 80' lang='lat' dir='ltr'>inter</span> <span class='ocrx_word' id='word_1_76' title='bbox 391 1386 534 1437; x_wconf 71' lang='lat' dir='ltr'>nortuum</span> <span class='ocrx_word' id='word_1_77' title='bbox 558 1375 622 1460; x_wconf 78' lang='lat' dir='ltr'>effe,</span> <span class='ocrx_word' id='word_1_78' title='bbox 646 1387 675 1437; x_wconf 81' lang='lat' dir='ltr'>et</span> <span class='ocrx_word' id='word_1_79' title='bbox 696 1396 856 1460; x_wconf 81' lang='lat' dir='ltr'><em>numquam</em></span> <span class='ocrx_word' id='word_1_80' title='bbox 875 1385 979 1436; x_wconf 83' lang='lat' dir='ltr'>natum</span> <span class='ocrx_word' id='word_1_81' title='bbox 1002 1374 1065 1458; x_wconf 79' lang='lat' dir='ltr'>effe.</span> <span class='ocrx_word' id='word_1_82' title='bbox 1094 1395 1124 1436; x_wconf 83' lang='lat' dir='ltr'>v.</span> <span class='ocrx_word' id='word_1_83' title='bbox 1138 1394 1170 1436; x_wconf 89' lang='lat' dir='ltr'>c.</span> 
     </span>
     <span class='ocr_line' id='line_1_12' title="bbox 152 1471 1172 1555; baseline 0.003 -19"><span class='ocrx_word' id='word_1_84' title='bbox 152 1471 308 1537; x_wconf 81' lang='lat' dir='ltr'>AEschinis</span> <span class='ocrx_word' id='word_1_85' title='bbox 328 1472 467 1539; x_wconf 78' lang='lat' dir='ltr'>Axioch.</span> <span class='ocrx_word' id='word_1_86' title='bbox 480 1493 515 1555; x_wconf 87' lang='lat'>4.</span> <span class='ocrx_word' id='word_1_87' title='bbox 536 1488 570 1539; x_wconf 88' lang='lat' dir='ltr'>et</span> <span class='ocrx_word' id='word_1_88' title='bbox 593 1474 658 1539; x_wconf 86' lang='lat' dir='ltr'>alii.</span> <span class='ocrx_word' id='word_1_89' title='bbox 691 1474 871 1539; x_wconf 86' lang='lat' dir='ltr'>Gatakerus</span> <span class='ocrx_word' id='word_1_90' title='bbox 890 1474 977 1539; x_wconf 92' lang='lat' dir='ltr'>hunc</span> <span class='ocrx_word' id='word_1_91' title='bbox 999 1474 1106 1539; x_wconf 88' lang='lat' dir='ltr'>locum</span> <span class='ocrx_word' id='word_1_92' title='bbox 1125 1473 1172 1539; x_wconf 85' lang='lat' dir='ltr'>ita</span> 
     </span>
     <span class='ocr_line' id='line_1_13' title="bbox 152 1573 1170 1662; baseline 0 -23"><span class='ocrx_word' id='word_1_93' title='bbox 152 1573 305 1661; x_wconf 52' lang='lat' dir='ltr'>{pposuiss</span> <span class='ocrx_word' id='word_1_94' title='bbox 319 1575 405 1661; x_wconf 78' lang='lat' dir='ltr'>quasi</span> <span class='ocrx_word' id='word_1_95' title='bbox 424 1575 573 1662; x_wconf 79' lang='lat' dir='ltr'>scriptum</span> <span class='ocrx_word' id='word_1_96' title='bbox 593 1575 670 1641; x_wconf 81' lang='lat' dir='ltr'>effet</span> <span class='ocrx_word' id='word_1_97' title='bbox 684 1578 724 1639; x_wconf 75' lang='lat' dir='ltr'>soi</span> <span class='ocrx_word' id='word_1_98' title='bbox 743 1575 874 1660; x_wconf 76' lang='grc' dir='ltr'>γινόμενα</span> <span class='ocrx_word' id='word_1_99' title='bbox 894 1576 986 1639; x_wconf 75' lang='grc' dir='ltr'><em>πάντα</em></span> <span class='ocrx_word' id='word_1_100' title='bbox 1007 1574 1053 1655; x_wconf 70' lang='grc' dir='ltr'>κα)</span> <span class='ocrx_word' id='word_1_101' title='bbox 1066 1575 1170 1661; x_wconf 71' lang='grc' dir='ltr'><em>ἀπογί-</em></span> 
     </span>
     <span class='ocr_line' id='line_1_14' title="bbox 152 1675 1172 1762; baseline 0.002 -23"><span class='ocrx_word' id='word_1_102' title='bbox 152 1679 240 1753; x_wconf 66' lang='grc' dir='ltr'>ιιθσι,</span> <span class='ocrx_word' id='word_1_103' title='bbox 253 1696 396 1762; x_wconf 87' lang='lat' dir='ltr'>eumque</span> <span class='ocrx_word' id='word_1_104' title='bbox 416 1697 492 1740; x_wconf 87' lang='lat' dir='ltr'>eum</span> <span class='ocrx_word' id='word_1_105' title='bbox 509 1675 659 1741; x_wconf 84' lang='lat' dir='ltr'>similibus</span> <span class='ocrx_word' id='word_1_106' title='bbox 674 1676 836 1741; x_wconf 79' lang='lat' dir='ltr'>sententiis</span> <span class='ocrx_word' id='word_1_107' title='bbox 849 1678 978 1741; x_wconf 76' lang='lat' dir='ltr'>Senecae</span> <span class='ocrx_word' id='word_1_108' title='bbox 991 1677 1051 1762; x_wconf 88' lang='lat' dir='ltr'>Ep.</span> <span class='ocrx_word' id='word_1_109' title='bbox 1067 1677 1124 1741; x_wconf 91' lang='lat' dir='ltr'>lC.</span> <span class='ocrx_word' id='word_1_110' title='bbox 1137 1690 1172 1741; x_wconf 88' lang='lat' dir='ltr'>et</span> 
     </span>
     <span class='ocr_line' id='line_1_15' title="bbox 153 1775 1170 1864; baseline 0.001 -24"><span class='ocrx_word' id='word_1_111' title='bbox 153 1775 240 1841; x_wconf 62' lang='lat' dir='ltr'>ciffis</span> <span class='ocrx_word' id='word_1_112' title='bbox 263 1776 415 1860; x_wconf 75' lang='lat' dir='ltr'>Heminae</span> <span class='ocrx_word' id='word_1_113' title='bbox 435 1799 488 1864; x_wconf 84' lang='lat' dir='ltr'>sp.</span> <span class='ocrx_word' id='word_1_114' title='bbox 510 1777 654 1843; x_wconf 90' lang='lat' dir='ltr'>Nonium</span> <span class='ocrx_word' id='word_1_115' title='bbox 677 1777 822 1842; x_wconf 88' lang='lat' dir='ltr'>Marcell.</span> <span class='ocrx_word' id='word_1_116' title='bbox 839 1778 883 1841; x_wconf 91' lang='lat'>11.</span> <span class='ocrx_word' id='word_1_117' title='bbox 900 1795 973 1863; x_wconf 83' lang='lat'>257.</span> <span class='ocrx_word' id='word_1_118' title='bbox 995 1778 1170 1864; x_wconf 88' lang='lat' dir='ltr'>componit.</span> 
     </span>
     <span class='ocr_line' id='line_1_16' title="bbox 154 1877 1170 1963; baseline -0.001 -22"><span class='ocrx_word' id='word_1_119' title='bbox 154 1877 293 1943; x_wconf 82' lang='lat' dir='ltr'>Verbum</span> <span class='ocrx_word' id='word_1_120' title='bbox 307 1878 480 1962; x_wconf 63' lang='lat' dir='ltr'>bsoysvrahm</span> <span class='ocrx_word' id='word_1_121' title='bbox 492 1877 555 1943; x_wconf 89' lang='lat' dir='ltr'>hoc</span> <span class='ocrx_word' id='word_1_122' title='bbox 570 1877 658 1944; x_wconf 89' lang='lat' dir='ltr'>sensu</span> <span class='ocrx_word' id='word_1_123' title='bbox 671 1879 713 1944; x_wconf 88' lang='lat' dir='ltr'>est</span> <span class='ocrx_word' id='word_1_124' title='bbox 727 1878 760 1942; x_wconf 92' lang='lat' dir='ltr'>in</span> <span class='ocrx_word' id='word_1_125' title='bbox 775 1877 945 1942; x_wconf 74' lang='lat' dir='ltr'>Plutarcho</span> <span class='ocrx_word' id='word_1_126' title='bbox 959 1899 1034 1942; x_wconf 84' lang='lat' dir='ltr'>mox</span> <span class='ocrx_word' id='word_1_127' title='bbox 1047 1899 1081 1963; x_wconf 91' lang='lat' dir='ltr'>p.</span> <span class='ocrx_word' id='word_1_128' title='bbox 1098 1897 1170 1962; x_wconf 78' lang='lat'>113.</span> 
     </span>
     <span class='ocr_line' id='line_1_17' title="bbox 154 1976 1173 2063; baseline 0.001 -22"><span class='ocrx_word' id='word_1_129' title='bbox 154 1976 193 2041; x_wconf 83' lang='lat' dir='ltr'>l).</span> <span class='ocrx_word' id='word_1_130' title='bbox 227 1976 364 2042; x_wconf 84' lang='lat' dir='ltr'>Platone</span> <span class='ocrx_word' id='word_1_131' title='bbox 385 1999 418 2063; x_wconf 90' lang='lat' dir='ltr'>p.</span> <span class='ocrx_word' id='word_1_132' title='bbox 434 1981 507 2063; x_wconf 84' lang='lat'>651.</span> <span class='ocrx_word' id='word_1_133' title='bbox 529 1978 570 2043; x_wconf 91' lang='lat' dir='ltr'>C.</span> <span class='ocrx_word' id='word_1_134' title='bbox 606 1979 716 2044; x_wconf 86' lang='lat' dir='ltr'>Telete</span> <span class='ocrx_word' id='word_1_135' title='bbox 738 1977 858 2043; x_wconf 81' lang='lat' dir='ltr'>Stobaei</span> <span class='ocrx_word' id='word_1_136' title='bbox 879 1999 912 2063; x_wconf 94' lang='lat' dir='ltr'>p.</span> <span class='ocrx_word' id='word_1_137' title='bbox 926 1995 1002 2063; x_wconf 84' lang='lat'>577.</span> <span class='ocrx_word' id='word_1_138' title='bbox 1038 1977 1173 2043; x_wconf 82' lang='lat' dir='ltr'>Aristide</span> 
     </span>
     <span class='ocr_line' id='line_1_18' title="bbox 155 2074 943 2164; baseline 0 -25"><span class='ocrx_word' id='word_1_139' title='bbox 155 2074 188 2140; x_wconf 89' lang='lat' dir='ltr'>T.</span> <span class='ocrx_word' id='word_1_140' title='bbox 199 2077 227 2140; x_wconf 94' lang='lat' dir='ltr'>l.</span> <span class='ocrx_word' id='word_1_141' title='bbox 243 2097 279 2164; x_wconf 90' lang='lat' dir='ltr'>p.</span> <span class='ocrx_word' id='word_1_142' title='bbox 292 2092 368 2160; x_wconf 77' lang='lat'>273.</span> <span class='ocrx_word' id='word_1_143' title='bbox 381 2078 421 2141; x_wconf 91' lang='lat' dir='ltr'>T.</span> <span class='ocrx_word' id='word_1_144' title='bbox 438 2079 482 2141; x_wconf 94' lang='lat' dir='ltr'>ll.</span> <span class='ocrx_word' id='word_1_145' title='bbox 498 2098 531 2163; x_wconf 90' lang='lat' dir='ltr'>p.</span> <span class='ocrx_word' id='word_1_146' title='bbox 547 2096 621 2163; x_wconf 86' lang='lat'>239.</span> <span class='ocrx_word' id='word_1_147' title='bbox 659 2077 809 2142; x_wconf 82' lang='lat' dir='ltr'>Pausania</span> <span class='ocrx_word' id='word_1_148' title='bbox 821 2098 854 2162; x_wconf 94' lang='lat' dir='ltr'>p.</span> <span class='ocrx_word' id='word_1_149' title='bbox 868 2078 943 2160; x_wconf 85' lang='lat'>667.</span> 
     </span>
    </p>

    <p class='ocr_par' dir='ltr' id='par_1_4' title="bbox 155 2174 1178 3669">
     <span class='ocr_line' id='line_1_19' title="bbox 193 2174 1172 2264; baseline 0.003 -25"><span class='ocrx_word' id='word_1_150' title='bbox 193 2192 267 2260; x_wconf 84' lang='lat'>109.</span> <span class='ocrx_word' id='word_1_151' title='bbox 281 2175 320 2240; x_wconf 79' lang='lat' dir='ltr'>F.</span> <span class='ocrx_word' id='word_1_152' title='bbox 341 2179 380 2238; x_wconf 83' lang='lat' dir='ltr'>Ei</span> <span class='ocrx_word' id='word_1_153' title='bbox 394 2179 432 2257; x_wconf 71' lang='grc' dir='ltr'>μὴ</span> <span class='ocrx_word' id='word_1_154' title='bbox 446 2174 550 2255; x_wconf 60' lang='grc' dir='ltr'><strong>καὶτῆς</strong></span> <span class='ocrx_word' id='word_1_155' title='bbox 568 2176 708 2263; x_wconf 73' lang='grc' dir='ltr'><strong><em>οἷκῖας-]</em></strong></span> <span class='ocrx_word' id='word_1_156' title='bbox 739 2175 808 2262; x_wconf 78' lang='lat' dir='ltr'>N&#39;tſs</span> <span class='ocrx_word' id='word_1_157' title='bbox 827 2186 897 2240; x_wconf 74' lang='lat' dir='ltr'>vs&#39;ro</span> <span class='ocrx_word' id='word_1_158' title='bbox 921 2175 1009 2240; x_wconf 74' lang='lat' dir='ltr'>esiam</span> <span class='ocrx_word' id='word_1_159' title='bbox 1029 2189 1172 2264; x_wconf 71' lang='lat' dir='ltr'>putat--</span> 
     </span>
     <span class='ocr_line' id='line_1_20' title="bbox 157 2272 1174 2364; baseline -0.001 -23"><span class='ocrx_word' id='word_1_160' title='bbox 157 2272 300 2362; x_wconf 76' lang='lat' dir='ltr'>llliptics</span> <span class='ocrx_word' id='word_1_161' title='bbox 311 2275 454 2339; x_wconf 78' lang='lat' dir='ltr'>venusius</span> <span class='ocrx_word' id='word_1_162' title='bbox 468 2297 542 2340; x_wconf 90' lang='lat' dir='ltr'>cum</span> <span class='ocrx_word' id='word_1_163' title='bbox 556 2275 709 2341; x_wconf 74' lang='lat' dir='ltr'>irrisione:</span> <span class='ocrx_word' id='word_1_164' title='bbox 732 2275 753 2339; x_wconf 90' lang='lat' dir='ltr'>i.</span> <span class='ocrx_word' id='word_1_165' title='bbox 764 2297 794 2340; x_wconf 85' lang='lat' dir='ltr'>e.</span> <span class='ocrx_word' id='word_1_166' title='bbox 808 2276 924 2341; x_wconf 77' lang='lat' dir='ltr'>Eadem</span> <span class='ocrx_word' id='word_1_167' title='bbox 937 2277 1050 2341; x_wconf 80' lang='lat' dir='ltr'>ratione</span> <span class='ocrx_word' id='word_1_168' title='bbox 1068 2289 1174 2364; x_wconf 76' lang='lat' dir='ltr'>putare</span> 
     </span>
     <span class='ocr_line' id='line_1_21' title="bbox 155 2374 1173 2464; baseline 0.004 -25"><span class='ocrx_word' id='word_1_169' title='bbox 155 2374 286 2462; x_wconf 49' lang='grc' dir='ltr'>ψ.</span> <span class='ocrx_word' id='word_1_170' title='bbox 326 2377 364 2439; x_wconf 93' lang='lat' dir='ltr'>ln</span> <span class='ocrx_word' id='word_1_171' title='bbox 378 2376 448 2441; x_wconf 85' lang='lat' dir='ltr'>aliis</span> <span class='ocrx_word' id='word_1_172' title='bbox 461 2376 738 2463; x_wconf 82' lang='lat' dir='ltr'>fignificutionibus</span> <span class='ocrx_word' id='word_1_173' title='bbox 750 2377 912 2464; x_wconf 75' lang='lat' dir='ltr'>particulae</span> <span class='ocrx_word' id='word_1_174' title='bbox 926 2383 949 2441; x_wconf 81' lang='grc' dir='ltr'>εἰ</span> <span class='ocrx_word' id='word_1_175' title='bbox 959 2382 997 2460; x_wconf 69' lang='grc' dir='ltr'>μὴ</span> <span class='ocrx_word' id='word_1_176' title='bbox 1011 2377 1093 2444; x_wconf 84' lang='lat' dir='ltr'>hanc</span> <span class='ocrx_word' id='word_1_177' title='bbox 1108 2401 1173 2443; x_wconf 91' lang='lat' dir='ltr'>non</span> 
     </span>
     <span class='ocr_line' id='line_1_22' title="bbox 161 2476 1173 2566; baseline 0.002 -24"><span class='ocrx_word' id='word_1_178' title='bbox 161 2476 260 2565; x_wconf 76' lang='lat' dir='ltr'>attigit</span> <span class='ocrx_word' id='word_1_179' title='bbox 273 2477 496 2542; x_wconf 74' lang='lat' dir='ltr'>eruditissimus</span> <span class='ocrx_word' id='word_1_180' title='bbox 509 2479 755 2566; x_wconf 85' lang='lat' dir='ltr'>Hoogeveenius</span> <span class='ocrx_word' id='word_1_181' title='bbox 768 2479 913 2544; x_wconf 70' lang='lat' dir='ltr'>Dostrin.</span> <span class='ocrx_word' id='word_1_182' title='bbox 928 2479 1041 2544; x_wconf 90' lang='lat' dir='ltr'>Partic.</span> <span class='ocrx_word' id='word_1_183' title='bbox 1056 2500 1089 2564; x_wconf 90' lang='lat' dir='ltr'>p.</span> <span class='ocrx_word' id='word_1_184' title='bbox 1097 2496 1173 2565; x_wconf 84' lang='lat'>352.</span> 
     </span>
     <span class='ocr_line' id='line_1_23' title="bbox 162 2577 1175 2665; baseline 0.002 -23"><span class='ocrx_word' id='word_1_185' title='bbox 162 2578 216 2665; x_wconf 81' lang='lat' dir='ltr'>seq.</span> <span class='ocrx_word' id='word_1_186' title='bbox 247 2580 321 2643; x_wconf 90' lang='lat' dir='ltr'>Nec</span> <span class='ocrx_word' id='word_1_187' title='bbox 341 2578 416 2665; x_wconf 91' lang='lat' dir='ltr'>ipse,</span> <span class='ocrx_word' id='word_1_188' title='bbox 431 2577 518 2664; x_wconf 86' lang='lat' dir='ltr'>quod</span> <span class='ocrx_word' id='word_1_189' title='bbox 537 2578 648 2659; x_wconf 86' lang='lat' dir='ltr'>miror,</span> <span class='ocrx_word' id='word_1_190' title='bbox 665 2579 698 2643; x_wconf 89' lang='lat' dir='ltr'>in</span> <span class='ocrx_word' id='word_1_191' title='bbox 719 2578 910 2644; x_wconf 85' lang='lat' dir='ltr'>Adversariis</span> <span class='ocrx_word' id='word_1_192' title='bbox 931 2578 1010 2644; x_wconf 86' lang='lat' dir='ltr'>meis</span> <span class='ocrx_word' id='word_1_193' title='bbox 1030 2579 1175 2665; x_wconf 89' lang='lat' dir='ltr'>exempla</span> 
     </span>
     <span class='ocr_line' id='line_1_24' title="bbox 164 2678 1175 2766; baseline 0.001 -22"><span class='ocrx_word' id='word_1_194' title='bbox 164 2692 351 2758; x_wconf 83' lang='lat' dir='ltr'>mnotate,e</span> <span class='ocrx_word' id='word_1_195' title='bbox 370 2678 491 2745; x_wconf 78' lang='lat' dir='ltr'>Graecis</span> <span class='ocrx_word' id='word_1_196' title='bbox 505 2678 647 2765; x_wconf 89' lang='lat' dir='ltr'>quidem,</span> <span class='ocrx_word' id='word_1_197' title='bbox 666 2679 800 2766; x_wconf 85' lang='lat' dir='ltr'>reperio.</span> <span class='ocrx_word' id='word_1_198' title='bbox 837 2681 874 2742; x_wconf 91' lang='lat' dir='ltr'>ln</span> <span class='ocrx_word' id='word_1_199' title='bbox 897 2678 1091 2765; x_wconf 75' lang='lat' dir='ltr'>responsione</span> <span class='ocrx_word' id='word_1_200' title='bbox 1111 2680 1175 2745; x_wconf 85' lang='lat' dir='ltr'>tale</span> 
     </span>
     <span class='ocr_line' id='line_1_25' title="bbox 166 2777 1174 2867; baseline 0 -24"><span class='ocrx_word' id='word_1_201' title='bbox 166 2779 200 2843; x_wconf 76' lang='lat' dir='ltr'>est</span> <span class='ocrx_word' id='word_1_202' title='bbox 212 2779 299 2867; x_wconf 81' lang='lat' dir='ltr'>apud</span> <span class='ocrx_word' id='word_1_203' title='bbox 319 2779 484 2845; x_wconf 85' lang='lat' dir='ltr'>Platonem</span> <span class='ocrx_word' id='word_1_204' title='bbox 502 2780 536 2844; x_wconf 93' lang='lat' dir='ltr'>in</span> <span class='ocrx_word' id='word_1_205' title='bbox 552 2779 709 2845; x_wconf 83' lang='lat' dir='ltr'>Phaedone</span> <span class='ocrx_word' id='word_1_206' title='bbox 722 2801 755 2866; x_wconf 89' lang='lat' dir='ltr'>p.</span> <span class='ocrx_word' id='word_1_207' title='bbox 772 2780 843 2863; x_wconf 87' lang='lat'>183.</span> <span class='ocrx_word' id='word_1_208' title='bbox 858 2781 903 2843; x_wconf 91' lang='lat' dir='ltr'>H.</span> <span class='ocrx_word' id='word_1_209' title='bbox 934 2780 1022 2843; x_wconf 91' lang='lat' dir='ltr'>Nam</span> <span class='ocrx_word' id='word_1_210' title='bbox 1037 2777 1070 2843; x_wconf 92' lang='lat' dir='ltr'>in</span> <span class='ocrx_word' id='word_1_211' title='bbox 1085 2779 1174 2843; x_wconf 75' lang='lat' dir='ltr'>Iati-</span> 
     </span>
     <span class='ocr_line' id='line_1_26' title="bbox 169 2876 1176 2967; baseline -0.001 -24"><span class='ocrx_word' id='word_1_212' title='bbox 169 2876 208 2943; x_wconf 84' lang='lat' dir='ltr'>nis</span> <span class='ocrx_word' id='word_1_213' title='bbox 219 2879 323 2967; x_wconf 72' lang='lat' dir='ltr'>magis</span> <span class='ocrx_word' id='word_1_214' title='bbox 335 2878 516 2945; x_wconf 83' lang='lat' dir='ltr'>observatus</span> <span class='ocrx_word' id='word_1_215' title='bbox 528 2880 572 2943; x_wconf 83' lang='lat' dir='ltr'>all</span> <span class='ocrx_word' id='word_1_216' title='bbox 584 2878 637 2944; x_wconf 90' lang='lat' dir='ltr'>hic</span> <span class='ocrx_word' id='word_1_217' title='bbox 652 2877 724 2943; x_wconf 90' lang='lat' dir='ltr'>usus</span> <span class='ocrx_word' id='word_1_218' title='bbox 734 2902 743 2943; x_wconf 83' lang='grc' dir='ltr'>ι</span> <span class='ocrx_word' id='word_1_219' title='bbox 767 2901 796 2943; x_wconf 89' lang='lat' dir='ltr'>v.</span> <span class='ocrx_word' id='word_1_220' title='bbox 805 2901 835 2943; x_wconf 88' lang='lat' dir='ltr'>c.</span> <span class='ocrx_word' id='word_1_221' title='bbox 850 2899 902 2963; x_wconf 91' lang='lat' dir='ltr'>ap.</span> <span class='ocrx_word' id='word_1_222' title='bbox 918 2877 1105 2945; x_wconf 86' lang='lat' dir='ltr'>Ciceronem</span> <span class='ocrx_word' id='word_1_223' title='bbox 1117 2878 1176 2943; x_wconf 90' lang='lat' dir='ltr'>Or.</span> 
     </span>
     <span class='ocr_line' id='line_1_27' title="bbox 172 2977 1178 3067; baseline 0 -23"><span class='ocrx_word' id='word_1_224' title='bbox 172 2977 219 3044; x_wconf 81' lang='lat' dir='ltr'>Pro</span> <span class='ocrx_word' id='word_1_225' title='bbox 230 2980 347 3046; x_wconf 87' lang='lat' dir='ltr'>Milon.</span> <span class='ocrx_word' id='word_1_226' title='bbox 360 3000 401 3066; x_wconf 80' lang='lat'>3:</span> <span class='ocrx_word' id='word_1_227' title='bbox 424 2979 494 3065; x_wconf 78' lang='lat' dir='ltr'>Ntfi</span> <span class='ocrx_word' id='word_1_228' title='bbox 506 3004 576 3043; x_wconf 81' lang='lat' dir='ltr'>vero</span> <span class='ocrx_word' id='word_1_229' title='bbox 590 2978 756 3065; x_wconf 74' lang='lat' dir='ltr'>cmstimatt&#39;s</span> <span class='ocrx_word' id='word_1_230' title='bbox 772 2979 927 3043; x_wconf 55' lang='lat' dir='ltr'>&amp;mensem</span> <span class='ocrx_word' id='word_1_231' title='bbox 944 2979 983 3043; x_wconf 93' lang='lat' dir='ltr'>P.</span> <span class='ocrx_word' id='word_1_232' title='bbox 998 2979 1178 3067; x_wconf 77' lang='lat' dir='ltr'>Africanum</span> 
     </span>
     <span class='ocr_line' id='line_1_28' title="bbox 165 3076 1178 3167; baseline -0.002 -22"><span class='ocrx_word' id='word_1_233' title='bbox 165 3076 250 3165; x_wconf 67' lang='lat' dir='ltr'>stiffi.</span> <span class='ocrx_word' id='word_1_234' title='bbox 285 3082 368 3167; x_wconf 82' lang='lat' dir='ltr'>Leg.</span> <span class='ocrx_word' id='word_1_235' title='bbox 386 3082 469 3149; x_wconf 86' lang='lat' dir='ltr'>l.1:</span> <span class='ocrx_word' id='word_1_236' title='bbox 499 3079 568 3165; x_wconf 74' lang='lat' dir='ltr'>Nfi</span> <span class='ocrx_word' id='word_1_237' title='bbox 580 3079 666 3166; x_wconf 81' lang='lat' dir='ltr'>sorte</span> <span class='ocrx_word' id='word_1_238' title='bbox 687 3080 818 3143; x_wconf 80' lang='lat' dir='ltr'>Athenae</span> <span class='ocrx_word' id='word_1_239' title='bbox 840 3091 900 3143; x_wconf 79' lang='lat' dir='ltr'>suae</span> <span class='ocrx_word' id='word_1_240' title='bbox 913 3079 1123 3167; x_wconf 77' lang='lat' dir='ltr'>sempiternam</span> <span class='ocrx_word' id='word_1_241' title='bbox 1146 3079 1178 3143; x_wconf 79' lang='lat' dir='ltr'>in</span> 
     </span>
     <span class='ocr_line' id='line_1_29' title="bbox 175 3177 1178 3266; baseline 0.001 -25"><span class='ocrx_word' id='word_1_242' title='bbox 175 3200 225 3241; x_wconf 77' lang='lat' dir='ltr'>aru</span> <span class='ocrx_word' id='word_1_243' title='bbox 243 3178 335 3253; x_wconf 68' lang='grc' dir='ltr'>ιΙιαιιι</span> <span class='ocrx_word' id='word_1_244' title='bbox 357 3191 453 3245; x_wconf 76' lang='lat' dir='ltr'>tenere</span> <span class='ocrx_word' id='word_1_245' title='bbox 475 3192 642 3266; x_wconf 72' lang='lat' dir='ltr'>potnerunt.</span> <span class='ocrx_word' id='word_1_246' title='bbox 682 3180 725 3243; x_wconf 91' lang='lat'>11.</span> <span class='ocrx_word' id='word_1_247' title='bbox 742 3196 782 3244; x_wconf 71' lang='grc' dir='ltr'>ιι</span> <span class='ocrx_word' id='word_1_248' title='bbox 805 3177 967 3265; x_wconf 76' lang='lat' dir='ltr'>Nzstforte</span> <span class='ocrx_word' id='word_1_249' title='bbox 976 3179 1110 3266; x_wconf 79' lang='lat' dir='ltr'>sapienti</span> <span class='ocrx_word' id='word_1_250' title='bbox 1130 3179 1178 3243; x_wconf 79' lang='lat' dir='ltr'>illi</span> 
     </span>
     <span class='ocr_line' id='line_1_30' title="bbox 178 3276 1178 3368; baseline 0.004 -25"><span class='ocrx_word' id='word_1_251' title='bbox 178 3276 346 3367; x_wconf 71' lang='lat' dir='ltr'>salonifnit</span> <span class='ocrx_word' id='word_1_252' title='bbox 365 3279 468 3368; x_wconf 76' lang='lat' dir='ltr'>patria</span> <span class='ocrx_word' id='word_1_253' title='bbox 490 3303 548 3344; x_wconf 81' lang='lat' dir='ltr'>non</span> <span class='ocrx_word' id='word_1_254' title='bbox 569 3280 674 3359; x_wconf 83' lang='lat' dir='ltr'>Roma,</span> <span class='ocrx_word' id='word_1_255' title='bbox 694 3280 755 3366; x_wconf 79' lang='lat' dir='ltr'>sed</span> <span class='ocrx_word' id='word_1_256' title='bbox 777 3280 943 3365; x_wconf 83' lang='lat' dir='ltr'>Tusculum.</span> <span class='ocrx_word' id='word_1_257' title='bbox 985 3280 1106 3345; x_wconf 82' lang='lat' dir='ltr'>Similia</span> <span class='ocrx_word' id='word_1_258' title='bbox 1123 3280 1178 3347; x_wconf 81' lang='lat' dir='ltr'>dat</span> 
     </span>
     <span class='ocr_line' id='line_1_31' title="bbox 176 3376 1177 3464; baseline 0.003 -22"><span class='ocrx_word' id='word_1_259' title='bbox 176 3376 321 3453; x_wconf 81' lang='lat' dir='ltr'>Tursellini</span> <span class='ocrx_word' id='word_1_260' title='bbox 341 3380 422 3447; x_wconf 88' lang='lat' dir='ltr'>liber</span> <span class='ocrx_word' id='word_1_261' title='bbox 442 3380 494 3445; x_wconf 87' lang='lat' dir='ltr'>Dc</span> <span class='ocrx_word' id='word_1_262' title='bbox 516 3379 680 3445; x_wconf 86' lang='lat' dir='ltr'>Particulis</span> <span class='ocrx_word' id='word_1_263' title='bbox 693 3381 732 3445; x_wconf 90' lang='lat' dir='ltr'>L.</span> <span class='ocrx_word' id='word_1_264' title='bbox 745 3381 783 3443; x_wconf 93' lang='lat' dir='ltr'>L.</span> <span class='ocrx_word' id='word_1_265' title='bbox 799 3379 867 3444; x_wconf 89' lang='lat' dir='ltr'>CL.</span> <span class='ocrx_word' id='word_1_266' title='bbox 886 3383 936 3459; x_wconf 87' lang='lat'>16,</span> <span class='ocrx_word' id='word_1_267' title='bbox 953 3396 1003 3464; x_wconf 89' lang='lat'>17.</span> <span class='ocrx_word' id='word_1_268' title='bbox 1038 3381 1124 3444; x_wconf 89' lang='lat' dir='ltr'>Nam</span> <span class='ocrx_word' id='word_1_269' title='bbox 1137 3380 1177 3445; x_wconf 90' lang='lat' dir='ltr'>ad</span> 
     </span>
     <span class='ocr_line' id='line_1_32' title="bbox 177 3477 1178 3568; baseline 0.005 -21"><span class='ocrx_word' id='word_1_270' title='bbox 177 3477 252 3555; x_wconf 67' lang='lat' dir='ltr'>ilium</span> <span class='ocrx_word' id='word_1_271' title='bbox 268 3480 426 3548; x_wconf 81' lang='lat' dir='ltr'>rationem</span> <span class='ocrx_word' id='word_1_272' title='bbox 438 3481 577 3568; x_wconf 88' lang='lat' dir='ltr'>pertinet</span> <span class='ocrx_word' id='word_1_273' title='bbox 589 3479 811 3547; x_wconf 77' lang='lat' dir='ltr'>animadverso</span> <span class='ocrx_word' id='word_1_274' title='bbox 820 3481 940 3547; x_wconf 82' lang='lat' dir='ltr'>Ernesti</span> <span class='ocrx_word' id='word_1_275' title='bbox 955 3482 986 3546; x_wconf 90' lang='lat' dir='ltr'>in</span> <span class='ocrx_word' id='word_1_276' title='bbox 1002 3481 1091 3549; x_wconf 92' lang='lat' dir='ltr'>Clav.</span> <span class='ocrx_word' id='word_1_277' title='bbox 1108 3483 1178 3552; x_wconf 85' lang='lat' dir='ltr'>Cic.</span> 
     </span>
     <span class='ocr_line' id='line_1_33' title="bbox 178 3581 318 3669; baseline 0.007 -23"><span class='ocrx_word' id='word_1_278' title='bbox 178 3598 231 3646; x_wconf 75' lang='lat' dir='ltr'>voe.</span> <span class='ocrx_word' id='word_1_279' title='bbox 243 3581 318 3669; x_wconf 60' lang='lat' dir='ltr'>llys.</span> 
     </span>
    </p>

    <p class='ocr_par' dir='ltr' id='par_1_5' title="bbox 177 3683 1181 4076">
     <span class='ocr_line' id='line_1_34' title="bbox 206 3683 1180 3773; baseline 0.005 -24"><span class='ocrx_word' id='word_1_280' title='bbox 206 3704 235 3768; x_wconf 82' lang='lat' dir='ltr'>p.</span> <span class='ocrx_word' id='word_1_281' title='bbox 249 3703 320 3750; x_wconf 89' lang='lat'>110.</span> <span class='ocrx_word' id='word_1_282' title='bbox 333 3683 380 3749; x_wconf 83' lang='lat' dir='ltr'>A.</span> <span class='ocrx_word' id='word_1_283' title='bbox 400 3684 628 3769; x_wconf 73' lang='grc' dir='ltr'>Ἀρκεσιλάιι-]</span> <span class='ocrx_word' id='word_1_284' title='bbox 652 3683 753 3769; x_wconf 87' lang='lat' dir='ltr'>Atqui</span> <span class='ocrx_word' id='word_1_285' title='bbox 767 3683 852 3749; x_wconf 91' lang='lat' dir='ltr'>hunc</span> <span class='ocrx_word' id='word_1_286' title='bbox 866 3683 944 3749; x_wconf 91' lang='lat' dir='ltr'>nihil</span> <span class='ocrx_word' id='word_1_287' title='bbox 960 3683 1102 3772; x_wconf 85' lang='lat' dir='ltr'>scripfisse</span> <span class='ocrx_word' id='word_1_288' title='bbox 1114 3687 1180 3773; x_wconf 87' lang='lat' dir='ltr'>ipse</span> 
     </span>
     <span class='ocr_line' id='line_1_35' title="bbox 179 3781 1180 3874; baseline 0.003 -23"><span class='ocrx_word' id='word_1_289' title='bbox 179 3781 265 3865; x_wconf 79' lang='lat' dir='ltr'>prodit</span> <span class='ocrx_word' id='word_1_290' title='bbox 279 3783 470 3851; x_wconf 73' lang='lat' dir='ltr'>Plutarchus</span> <span class='ocrx_word' id='word_1_291' title='bbox 483 3786 535 3849; x_wconf 89' lang='lat' dir='ltr'>De</span> <span class='ocrx_word' id='word_1_292' title='bbox 547 3783 631 3849; x_wconf 85' lang='lat' dir='ltr'>Virt.</span> <span class='ocrx_word' id='word_1_293' title='bbox 648 3783 741 3848; x_wconf 86' lang='lat' dir='ltr'>Alex.</span> <span class='ocrx_word' id='word_1_294' title='bbox 757 3785 813 3850; x_wconf 91' lang='lat' dir='ltr'>Or.</span> <span class='ocrx_word' id='word_1_295' title='bbox 824 3785 869 3849; x_wconf 91' lang='lat' dir='ltr'>ll.</span> <span class='ocrx_word' id='word_1_296' title='bbox 884 3805 917 3872; x_wconf 93' lang='lat' dir='ltr'>p.</span> <span class='ocrx_word' id='word_1_297' title='bbox 928 3785 1004 3869; x_wconf 82' lang='lat'>328.</span> <span class='ocrx_word' id='word_1_298' title='bbox 1018 3789 1070 3853; x_wconf 82' lang='lat' dir='ltr'>A:</span> <span class='ocrx_word' id='word_1_299' title='bbox 1093 3788 1180 3874; x_wconf 90' lang='lat' dir='ltr'>quod</span> 
     </span>
     <span class='ocr_line' id='line_1_36' title="bbox 177 3879 1181 3974; baseline 0.005 -25"><span class='ocrx_word' id='word_1_300' title='bbox 177 3879 214 3949; x_wconf 78' lang='lat' dir='ltr'>ite</span> <span class='ocrx_word' id='word_1_301' title='bbox 228 3885 459 3974; x_wconf 66' lang='lat' dir='ltr'>accipiendum</span> <span class='ocrx_word' id='word_1_302' title='bbox 481 3898 519 3949; x_wconf 91' lang='lat' dir='ltr'>ut</span> <span class='ocrx_word' id='word_1_303' title='bbox 541 3885 582 3949; x_wconf 90' lang='lat' dir='ltr'>de</span> <span class='ocrx_word' id='word_1_304' title='bbox 606 3884 806 3970; x_wconf 78' lang='lat' dir='ltr'>philosophia</span> <span class='ocrx_word' id='word_1_305' title='bbox 829 3885 873 3950; x_wconf 90' lang='lat' dir='ltr'>nil</span> <span class='ocrx_word' id='word_1_306' title='bbox 895 3885 1060 3972; x_wconf 82' lang='lat' dir='ltr'>scripserit,</span> <span class='ocrx_word' id='word_1_307' title='bbox 1082 3890 1181 3954; x_wconf 80' lang='lat' dir='ltr'>nuth</span> 
     </span>
     <span class='ocr_line' id='line_1_37' title="bbox 179 3983 1180 4076; baseline -0.002 -23"><span class='ocrx_word' id='word_1_308' title='bbox 179 3983 240 4068; x_wconf 71' lang='lat' dir='ltr'>quill</span> <span class='ocrx_word' id='word_1_309' title='bbox 258 3986 324 4075; x_wconf 84' lang='lat' dir='ltr'>ejus</span> <span class='ocrx_word' id='word_1_310' title='bbox 349 3987 504 4073; x_wconf 88' lang='lat' dir='ltr'>scripturn</span> <span class='ocrx_word' id='word_1_311' title='bbox 519 3984 688 4050; x_wconf 70' lang='lat' dir='ltr'>nittumve</span> <span class='ocrx_word' id='word_1_312' title='bbox 711 3998 916 4064; x_wconf 87' lang='lat' dir='ltr'>memoretur,</span> <span class='ocrx_word' id='word_1_313' title='bbox 941 3985 975 4050; x_wconf 93' lang='lat' dir='ltr'>id</span> <span class='ocrx_word' id='word_1_314' title='bbox 998 3987 1094 4053; x_wconf 90' lang='lat' dir='ltr'>veluti</span> <span class='ocrx_word' id='word_1_315' title='bbox 1118 3991 1180 4076; x_wconf 82' lang='lat' dir='ltr'>Py-</span> 
     </span>
    </p>

    <p class='ocr_par' dir='ltr' id='par_1_6' title="bbox 181 4081 1182 4276">
     <span class='ocr_line' id='line_1_38' title="bbox 181 4081 1181 4175; baseline 0.005 -25"><span class='ocrx_word' id='word_1_316' title='bbox 181 4081 312 4175; x_wconf 71' lang='lat' dir='ltr'>thagorae,</span> <span class='ocrx_word' id='word_1_317' title='bbox 326 4084 485 4165; x_wconf 71' lang='lat' dir='ltr'>sectans,</span> <span class='ocrx_word' id='word_1_318' title='bbox 499 4084 683 4165; x_wconf 83' lang='lat' dir='ltr'>Carneadis,</span> <span class='ocrx_word' id='word_1_319' title='bbox 702 4107 766 4150; x_wconf 89' lang='lat' dir='ltr'>non</span> <span class='ocrx_word' id='word_1_320' title='bbox 787 4085 828 4148; x_wconf 84' lang='lat' dir='ltr'>ab</span> <span class='ocrx_word' id='word_1_321' title='bbox 842 4085 925 4172; x_wconf 82' lang='lat' dir='ltr'>ipsu,</span> <span class='ocrx_word' id='word_1_322' title='bbox 939 4086 991 4151; x_wconf 90' lang='lat' dir='ltr'>sed</span> <span class='ocrx_word' id='word_1_323' title='bbox 1006 4087 1046 4153; x_wconf 89' lang='lat' dir='ltr'>de</span> <span class='ocrx_word' id='word_1_324' title='bbox 1060 4089 1130 4175; x_wconf 82' lang='lat' dir='ltr'>ipsa</span> <span class='ocrx_word' id='word_1_325' title='bbox 1141 4091 1181 4155; x_wconf 85' lang='lat' dir='ltr'>ab</span> 
     </span>
     <span class='ocr_line' id='line_1_39' title="bbox 182 4180 1182 4276; baseline 0.003 -20"><span class='ocrx_word' id='word_1_326' title='bbox 182 4180 296 4270; x_wconf 69' lang='lat' dir='ltr'>ipsorum</span> <span class='ocrx_word' id='word_1_327' title='bbox 307 4186 475 4276; x_wconf 84' lang='lat' dir='ltr'>discipulis</span> <span class='ocrx_word' id='word_1_328' title='bbox 491 4187 641 4271; x_wconf 83' lang='lat' dir='ltr'>scripturn</span> <span class='ocrx_word' id='word_1_329' title='bbox 655 4188 709 4258; x_wconf 79' lang='lat' dir='ltr'>nt.</span> <span class='ocrx_word' id='word_1_330' title='bbox 723 4189 810 4254; x_wconf 82' lang='lat' dir='ltr'>Nam</span> <span class='ocrx_word' id='word_1_331' title='bbox 825 4186 865 4253; x_wconf 89' lang='lat' dir='ltr'>de</span> <span class='ocrx_word' id='word_1_332' title='bbox 876 4188 1035 4254; x_wconf 79' lang='lat' dir='ltr'>nrcenlao</span> <span class='ocrx_word' id='word_1_333' title='bbox 1049 4191 1182 4259; x_wconf 77' lang='lat' dir='ltr'>Veteres</span> 
     </span>
    </p>
   </div>
   <div class='ocr_carea' id='block_1_3' title="bbox 0 0 1364 4770">
    <p class='ocr_par' dir='ltr' id='par_1_7' title="bbox 0 0 1364 4770">
     <span class='ocr_line' id='line_1_40' title="bbox 0 0 1364 4770; baseline 0 0"><span class='ocrx_word' id='word_1_334' title='bbox 0 0 1364 4770; x_wconf 95' lang='lat' dir='ltr'> </span> 
     </span>
    </p>
   </div>
  </div>
 </body>
</html>
