2692 4770
306 276 1032 381 Amrmn.aao.nruuop.1aaa-,n.
1107 309 1185 396 1⁰9⁹

153 489 226 547 γινος
238 471 291 528 τῶν
305 469 440 546 αὐλητῶν,
457 464 691 552 impignoranda
706 465 744 530 ἔτι
766 469 792 528 ἐν
809 466 849 550 τῷ
867 461 1030 549 ὑποσκηνίῳ,
1044 459 1083 525 Ti
1095 463 1184 545 τοῦτ’,

155 567 238 645 εἶπεν,
254 569 331 642 δῆλον
345 566 384 630 ἔτι
398 568 476 654 μέγα
490 570 575 632 κακὸν
589 568 712 653 γέγονεν·
736 569 770 642 ὥς
786 569 822 630 ἐκ
835 565 868 630 air
882 564 977 640 ἄλλως
992 568 1018 627 ἐν
1032 569 1089 639 τοῖς
1102 576 1184 628 πολ-

156 673 214 742 λοῖς
229 670 461 750 εὐδοκιμήσαντος·
486 669 544 732 nita
559 670 585 733 δέ
598 696 673 745 τινας
685 672 760 734 τοῦθ’
774 669 951 755 ἷςορησοιντοις
964 669 1000 742 ὠς
1012 664 1185 751 Ἀντνγενὶδν

155 770 282 844 εἰπόντος.
328 772 420 848 Haec,
439 771 582 856 quamvis
604 770 757 855 pluscula,
772 768 875 834 oculis
894 766 1073 855 legentium
1087 766 1186 855 subji-

155 870 269 935 cienda
283 870 447 950 duximus3
471 894 535 959 quo
545 871 652 959 magis
666 871 760 936 lentio
774 869 806 935 in
824 884 955 956 promtu
970 867 1069 956 pofita
1085 866 1188 932 valeat

155 970 196 1034 ad
211 971 386 1035 remedium
402 972 547 1036 adversus
562 971 780 1058 quotidianam
795 969 940 1057 giorioiae
955 969 1072 1034 labem.

200 1073 272 1137 188.
287 1074 330 1136 A.
354 1073 399 1157 εἰ]
425 1077 473 1139 iix
486 1074 564 1140 Vita
580 1072 748 1139 Phocionis
770 1095 802 1159 p.
820 1088 894 1156 745.
909 1072 949 1135 C.
986 1070 1134 1162 Refertur
1153 1082 1188 1136 et

155 1173 207 1237 De
220 1172 343 1237 Vitioso
360 1173 482 1238 Pudore
504 1195 536 1258 p.
552 1188 628 1259 533.
647 1175 691 1237 A.
703 1185 745 1237 ,et
765 1173 817 1236 De
832 1171 923 1257 Reip.
940 1171 1016 1235 Ger.
1032 1170 1187 1256 Praecept.

154 1295 189 1360 p.
204 1273 278 1339 822.
293 1275 337 1338 i).
373 1274 575 1360 Elegantiam
600 1274 633 1338 in
658 1269 996 1360 oppositionelhorum
1016 1271 1187 1335 verborum

152 1377 281 1441 secutus
301 1377 344 1440 est
360 1376 529 1442 AEschines
548 1376 639 1441 Orat.
658 1375 744 1440 Adv.
761 1372 962 1460 Ctefiphont.
986 1393 1019 1458 p.
1035 1372 1100 1454 562
1124 1373 1186 1434 im·

154 1478 249 1556 διδόνοη
270 1479 297 1540 δὲ
318 1477 488 1559 φάσκοντας,
509 1474 682 1551 ἀποδιδόντας
701 1477 728 1540 ii
748 1480 809 1558 ὑμῖν
822 1477 861 1538 τοὶ
878 1471 1007 1562 ὑμετέρα·
1030 1471 1086 1537 ubi
1099 1472 1187 1560 Tay·

152 1575 240 1642 iorus
256 1600 320 1642 non
335 1577 437 1642 omifit
450 1578 513 1642 hoc
529 1576 698 1642 Phocionis
714 1575 848 1641 dietum.

199 1680 272 1744 188.
287 1681 331 1744 A.
354 1679 406 1765 52]
432 1682 480 1744 Ex
494 1680 570 1746 Vita
586 1678 756 1744 Phocionis
771 1702 804 1765 p.
821 1694 883 1762 745
899 1680 935 1743 F.
972 1677 1121 1775 Refertur
1134 1675 1188 1749 De

154 1779 246 1866 Reip.
268 1780 345 1843 Ger.
362 1781 514 1865 Praecept.
538 1801 573 1866 p.
590 1781 664 1844 811.
679 1781 733 1844 A:
757 1778 812 1844 ubi
826 1777 898 1843 libri
913 1776 1020 1864 scripti
1034 1777 1112 1851 dont
1124 1781 1187 1855 Δη-

151 1883 243 1965 paidos
263 1897 297 1947 et
317 1882 436 1965 Δημάδο
458 1883 566 1970 prouti
590 1883 653 1948 hoc
675 1882 749 1947 loco
770 1882 901 1946 exhibet
918 1883 1028 1947 Anon.
1050 1893 1085 1944 et
1105 1881 1187 1943 Sen-

153 1983 264 2047 tentiae
296 1983 433 2048 Antonii
465 1998 500 2049 et
531 1984 669 2048 Maximi
703 1982 782 2047 edit.
814 1982 934 2047 Stobaei
961 1979 1113 2049 Wechei.
1149 2000 1184 2067 p.

154 2103 229 2171 252.

199 2185 271 2249 188.
287 2185 324 2248 B.
348 2184 397 2270 ζ.]
423 2189 472 2250 Ex
485 2185 562 2251 Vita
583 2185 752 2250 Phocionis
774 2207 808 2272 p.
824 2187 899 2269 746.
914 2186 952 2248 E.
986 2184 1038 2247 Est
1057 2182 1111 2249 hic
1133 2181 1188 2248 ill·

154 2308 174 2349 a
192 2286 406 2351 Demosthene
422 2287 546 2352 duabus
562 2286 770 2353 Orationibus
783 2287 963 2374 exagitatus
977 2285 1188 2381 Aristogiton,

153 2387 273 2451 Similis
293 2388 404 2452 formae
424 2389 545 2453 diuum
561 2388 844 2454 animadvertimus
859 2410 892 2475 p.
909 2408 981 2471 144.
996 2388 1039 2453 A.
1102 2380 1104 2384 ’

200 2487 272 2549 188.
288 2487 326 2550 Β.
349 2486 398 2570 at]
426 2487 571 2552 indidem
587 2511 619 2574 p.
635 2489 710 2572 748.
724 2490 769 2553 A.
827 2558 830 2564 ,

199 2587 271 2650 188.
287 2588 326 2651 C.
349 2587 404 2672 8.]
432 2588 577 2652 indidem
594 2609 627 2674 p.
644 2604 719 2675 749.
734 2591 773 2653 E.
811 2587 934 2654 Retulit
947 2587 1023 2654 hinc
1040 2588 1189 2669 stobaeur

154 2687 262 2752 Piorii.
276 2688 341 2753 Tit.
357 2690 534 2754 XXXVII.
554 2711 588 2774 p.
606 2708 680 2752 aar.
701 2702 736 2753 et
749 2688 897 2753 AEiianus
918 2690 996 2753 Var.
1020 2689 1100 2753 Hist.
1123 2692 1186 2755 XI.

152 2811 186 2874 9.
211 2787 319 2852 iisdem
342 2790 462 2854 verbis:
492 2803 526 2854 et
544 2789 689 2876 pluribus
712 2791 823 2870 etiam,
845 2791 1030 2876 sequentem
1054 2791 1087 2855 in
1108 2792 1189 2867 Vita,

152 2888 311 2952 historiam
335 2889 375 2953 de
397 2869 571 2955 dinriffioire
593 2891 792 2978 captivorum
812 2892 1064 2974 continentibus,
1085 2891 1185 2958 Ifido·

152 3013 208 3057 rus
224 2992 380 3055 Peiufiota
394 2992 488 3078 Epist.
507 2993 550 3055 ii.
568 2996 640 3073 146.
655 3015 689 3080 p.
705 3014 776 3082 192.
793 2995 832 3058 B.

197 3095 269 3157 188.
287 3094 326 3157 C.
352 3093 394 3178 οἲ]
422 3097 468 3158 Ex
482 3095 561 3158 Vita
575 3094 744 3160 Phocionis
758 3118 791 3181 p.
804 3111 878 3181 751.
891 3096 935 3160 A.

197 3197 269 3259 188.
286 3197 326 3259 C.
350 3196 415 3276 sest]
439 3195 585 3260 indidem
608 3219 641 3283 p.
659 3212 732 3281 751.
756 3200 794 3261 E.
830 3198 978 3263 Refertur
993 3220 1120 3285 quoque
1134 3199 1187 3265 De

153 3298 205 3362 Ira
219 3296 338 3360 Cohib.
357 3318 390 3382 p.
404 3316 480 3382 459.
497 3298 538 3360 F:
563 3297 705 3362 ὄΦοοκῖοον
719 3302 794 3379 μετὰ
808 3302 855 3376 τὴν
868 3298 1039 3386 Ἀλεξάνδρον
1058 3304 1187 3378 τελευτὴν

151 3403 201 3462 οὐκ
225 3403 273 3462 ἐῶν
295 3398 524 3483 ωρονξανίςοιθοη
547 3400 608 3473 τοὺς
631 3399 781 3477 Ἀθηναῖος
804 3401 862 3462 οὐδὲ
884 3403 963 3486 ταχὺ
989 3401 1123 3480 oris-ador,
1148 3407 1185 3469 Ei

151 3502 279 3589 σήμερον,
307 3499 389 3577 εἶπεν,
416 3497 508 3586 ἄνδρες
528 3502 681 3580 Ἀθηναῖοι,
703 3500 828 3580 τέθνηκε,
851 3500 897 3580 roi
919 3500 1009 3589 eripior
1030 3502 1089 3582 ἴςοη
1108 3504 1130 3590 '8
1150 3509 1188 3581 rifi
1292 3572 1296 3583 ,

150 3601 243 3689 τρίτην
263 3601 411 3678 τεθνηκώς.
448 3601 489 3663 Et
512 3599 552 3664 sic
573 3600 606 3664 in
625 3600 702 3666 Vita
717 3605 798 3676 -εἰς
812 3600 915 3688 τρίτην,
931 3601 1019 3688 quod
1036 3601 1099 3667 hoc
1113 3603 1186 3681 ioco

152 3703 373 3788 reponendum
390 3723 449 3786 pro
464 3701 558 3766 εἰσέτι.

167 3885 174 3890 ¹
199 3806 269 3868 188.
285 3807 329 3868 D.
353 3805 417 3890 οβ’.]
445 3805 587 3869 indidem
611 3826 645 3891 p.
662 3822 736 3890 752.
750 3809 795 3886 A,
808 3807 847 3872 B.
880 3808 935 3872 Ad
957 3808 1087 3874 alteram
1110 3831 1190 3896 par«

153 3919 219 3970 tem
242 3903 361 3990 spediat
385 3905 530 3971 Valerius
553 3907 643 3969 Max.
661 3908 723 3970 iii.
748 3907 778 3970 8.
796 3910 868 3971 Ext.
885 3927 926 3975 2:
957 3909 1084 3972 Phocion
1103 3934 1186 3990 vcro,
1207 3966 1212 3977 ,

152 4029 216 4068 cum
234 4006 421 4092 Athenierffes
439 4031 498 4069 rem
513 4006 613 4083 aliter,
630 4020 718 4094 alque
736 4008 795 4096 ipsc
805 4011 957 4097 suaserat,
977 4011 1110 4099 prospere
1127 4014 1187 4076 ad·

152 4105 369 4191 ministrafflnt,
397 4107 469 4170 odeo
492 4107 684 4194 perseverans
706 4109 867 4193 sententia
887 4118 959 4196 sua
982 4126 1188 4199 propugnator

152 4207 270 4296 exstitit,
287 4220 321 4270 ut
338 4206 371 4271 in
390 4207 531 4287 concione,
552 4206 655 4297 laetari
676 4209 793 4296 quidem
803 4211 844 4298 sc
856 4212 989 4303 succffa
1009 4236 1117 4297 corum,
1128 4216 1191 4315 sad
