2692 4770
357 313 413 375 DE
433 313 752 377 SUPERS'I'H'IONE.
771 333 800 393 p.
809 316 875 376 164.
884 313 919 373 E.
1089 321 1151 388 999

123 474 311 558 παραδίδωσιν
328 479 381 540 ἀπὸ
402 486 455 543 τῶν
476 478 581 567 σφόδρα
597 484 763 567 προσαιτῶν
779 475 826 557 καὶ
838 474 989 540 ἀντιτύπων
1001 471 1092 564 aimo
1104 475 1148 539 ίπί

121 579 159 639 τοὶ
179 581 262 639 κοῖλα
276 578 323 640 καί
336 584 469 660 μαλακοί,
485 580 558 659 δίκην
575 579 670 654 ύδατος
684 579 930 652 απολιθαίνοντας.
964 578 1149 663 Utrumque

119 673 161 738 de
184 688 319 762 utroque
340 677 415 758 dici,
431 681 549 767 σκληρὸν
567 692 601 744 et
617 680 747 762 μαλακὸν
766 677 806 742 de
825 675 1009 764 corporibus
1024 689 1059 741 et
1074 675 1146 741 eni·

120 776 192 856 mis,
216 777 288 842 satis
311 781 353 843 est
372 781 615 868 pennigatum:
645 780 788 845 ἀντίτυπον
808 792 843 844 et
864 781 945 866 ὑγρόν
969 777 1010 843 de
1031 775 1147 843 animie

117 879 271 963 usurpari,
290 882 471 967 exquisitius
485 882 619 948 videtur.
654 881 708 947 Sic
725 880 867 955 ἀντίτυπος
880 878 967 969 opud
981 878 1146 946 Platonem

117 977 285 1046 Theaeteto
305 1002 339 1067 p.
357 1002 428 1050 120.
443 985 494 1047 A:
520 981 578 1063 Ka)
597 985 648 1065 μὲν
669 985 711 1061 δὴ,
732 979 755 1046 οδ
775 982 936 1068 Σώκρατες,
957 983 1091 1068 σκληρούς
1107 1005 1144 1066 γι

116 1078 206 1162 λόγος
231 1083 278 1143 καί
306 1084 453 1158 ἀντιτύποις
476 1083 640 1168 ἀνθρώπους·
670 1105 735 1170 quo
759 1081 800 1147 de
824 1082 898 1147 loco
923 1079 1077 1146 videndus
1100 1081 1145 1146 est

114 1179 327 1247 Ruhnkenius
355 1184 396 1248 ad
418 1185 533 1250 Timaei
557 1184 653 1249 Gloff.
685 1184 763 1249 Plet.
786 1203 819 1270 p.
844 1198 917 1268 157.
954 1181 1143 1247 Plutarchus
1185 1234 1201 1259 ,

115 1279 204 1344 fimili
218 1285 455 1370 comparatione
469 1287 502 1349 in
518 1287 579 1349 fine
593 1284 689 1373 hujus
703 1284 786 1364 libri,
810 1305 843 1370 p.
861 1299 932 1367 171.
945 1283 985 1345 Ε.
1000 1281 1143 1367 φιύγῡπσς

111 1385 160 1460 τὴν
173 1385 377 1467 δεισιδαιμονίαν
394 1387 563 1469 ἐμπίπίυυσον
576 1391 612 1462 τίς
626 1386 766 1464 όιθιόπητα
778 1389 917 1474 τραχεῑαί
927 1382 973 1464 καὶ
985 1383 1141 1448 ἀντίτυποι.

112 1483 145 1546 Α
159 1486 323 1549 communi
344 1488 500 1574 principio
522 1489 555 1554 in
573 1487 731 1553 contraria
744 1507 863 1574 genera
876 1485 1050 1572 disjundios
1065 1506 1141 1572 pre·

111 1585 223 1651 vitatos
237 1589 486 1674 superstitionem
500 1604 534 1656 et
546 1591 685 1669 οθιίτορτα
699 1602 791 1655 notat
803 1588 1038 1674 Theophrastus
1052 1587 1142 1674 apud

112 1688 323 1776 Porphyrium
347 1693 399 1756 De
420 1692 544 1757 Abstin.
563 1693 608 1757 11.
623 1709 662 1777 7:
683 1698 752 1756 -υί
771 1693 822 1773 μὲν
838 1689 914 1755 ἄθεοι
930 1690 1065 1775 γτγόναυι
1086 1699 1141 1756 τοῖιν

91 1790 269 1877 -ἇνθρύπυον,
290 1799 314 1856 oi
334 1795 362 1856 di
385 1794 546 1882 κακόφρονες
567 1800 677 1877 μᾶλλον
699 1790 715 1871 δ
736 1792 864 1857 ιιαιιόθιοι
886 1791 1035 1876 λεχθέντες
1056 1791 1139 1857 Μ’

109 1891 180 1978 δίκῃ,
195 1896 239 1957 διοὶ
253 1897 284 1958 τδ
300 1897 406 1977 φαύλυς
421 1899 442 1983 οὲ
456 1899 537 1979 μηδὲν
550 1903 625 1979 ἡμῶν
637 1897 753 1975 βτλτίιις
765 1901 884 1980 ἡγεῖθαρ
898 1895 965 1958 είναι
979 1894 1030 1969 riis
1042 1893 1121 1971 θοός.

152 1997 224 2077 164.
239 1999 277 2060 E.
309 2004 375 2061 Πᾶν
396 2004 454 2086 γὰρ
476 1998 573 2073 πόθος
593 1999 675 2063 ἔοικεν
695 1998 788 2076 &noim
808 1995 1020 2083 φλεγμαίνουσα
1040 1997 1133 2087 deon]
1269 2055 1271 2058 ,

105 2118 187 2159 error
207 2097 408 2184 irfiammatus
431 2101 546 2166 fedius
567 2114 717 2180 vertatur,
740 2122 837 2187 quem
860 2122 935 2165 cum
956 2097 1135 2188 Xylondro,

103 2197 239 2284 -ἱιμίαν
261 2200 354 2264 morbi
380 2225 444 2265 cum
468 2201 875 2290 irfiammotioneoonjunai.
920 2199 1024 2287 Atqui
1048 2222 1136 2267 nuno

105 2300 229 2365 Stoicos
251 2302 402 2389 sequitur.
438 2306 527 2369 Nam
548 2306 601 2370 De
621 2305 750 2370 Virtute
771 2303 903 2384 Morali,
926 2302 982 2369 ubi
1005 2303 1134 2391 Peripa-

104 2401 275 2468 teticorum
297 2407 507 2492 μετριοπάθειαν
521 2407 739 2486 commendat,
753 2407 988 2472 vehementiora
1005 2418 1134 2473 tantum

102 2504 200 2582 πάθη,
225 2529 290 2571 non
314 2506 390 2573 item
418 2508 603 2589 mediocria,
629 2507 817 2594 ιἰρίανιοοοοία
842 2529 880 2572 ac
903 2506 1044 2571 tumentia
1065 2506 1134 2573 vult

102 2605 167 2670 dici
187 2629 222 2694 p.
236 2626 311 2697 452.
326 2612 378 2675 A:
401 2614 509 2674 viderim
533 2616 590 2697 γὰρ
614 2611 725 2696 301qu
748 2609 943 2694 φλιγμοιίνοντι
966 2609 1078 2691 σούραν-ι
1098 2610 1132 2675 πδ

101 2717 264 2794 περιαλγῦν
278 2711 325 2792 κού
337 2713 495 2800 ποριχαρές
514 2711 560 2791 καὶ
579 2711 732 2796 περίλυπον
745 2717 793 2788 τῆς
806 2713 913 2796 ψυχῆς,
928 2714 957 2774 ού
971 2712 1002 2774 ri
1015 2714 1131 2798 χαῖρον,

101 2811 158 2872 οὐδὲ
172 2813 204 2873 τδ
219 2813 393 2895 λυπούμενον,
409 2814 454 2876 tt}
468 2815 499 2876 τδ
513 2812 684 2896 φούούμενον.
1220 2812 1224 2818 ’

144 2913 217 2992 164.
232 2916 270 2976 Ε.
292 2914 513 3002 μοχθηρότιρον]
533 2914 745 3002 μοχθηρότατον
758 2915 802 2979 Ι).
817 2913 910 2979 Harl.
925 2913 1002 3002 Xyl.
1112 2970 1114 2974 .
1135 2999 1138 3005 Ι

145 3014 214 3093 164.
230 3016 267 3078 Ε.
290 3017 318 3096 αρ’
338 3021 411 3098 μοτοί
433 3016 589 3100 τραύματος
613 3014 725 3095 indonet)
740 3023 795 3081 τῶν
813 3014 933 3103 όρθροιν]
959 3013 1058 3094 tutem
1074 3014 1127 3105 ἄρ-

98 3118 178 3201 θρου,
201 3114 264 3201 qffis
287 3141 302 3179 c
315 3117 372 3204 suo
395 3116 453 3182 ίοοο
472 3118 577 3184 motio.-
606 3140 666 3205 pro
688 3117 810 3207 ἄρθρον,
836 3117 922 3204 quod
945 3117 1144 3204 Stephenm'

99 3216 221 3302 primus
242 3217 342 3299 dedit,
361 3232 396 3284 et
413 3221 603 3285 confirmant
622 3221 667 3284 D.
686 3220 753 3285 Pol.
770 3219 897 3286 Schott.
921 3220 1052 3284 Leonic.
1075 3222 1130 3287 A·.

99 3341 175 3385 non.
191 3321 362 3407 omnesque
382 3321 570 3408 interpretes
585 3320 684 3387 secuti
700 3323 784 3401 sunt,
800 3322 877 3388 dent
889 3321 1037 3409 ἀνθρώπων
1052 3343 1125 3387 om-

97 3443 155 3484 nes
169 3421 326 3487 editiones
340 3437 373 3488 et
386 3424 494 3488 caeteri
507 3422 580 3489 libri
594 3422 712 3511 scripti,
732 3423 839 3489 vitiose
857 3423 1013 3510 prosette.
1048 3422 1139 3511 Sig-

96 3521 243 3588 nificatur
257 3535 377 3588 artuum
390 3524 546 3589 luxatum.
583 3526 635 3590 De
656 3538 791 3612 utraque
805 3547 882 3590 voce
901 3523 1028 3590 monuit
1049 3520 1146 3590 Foe·'
1256 3562 1266 3574 ·

96 3622 157 3686 fius
178 3623 211 3686 in
234 3625 357 3690 OEcon.
380 3625 537 3712 Hippocr.
558 3624 600 3690 de
618 3623 718 3704 ἐκόολὴ
732 3625 830 3691 etiam
844 3626 997 3711 Uptonue
1012 3625 1045 3690 in
1064 3625 1124 3691 In·

93 3723 165 3788 dice
190 3726 330 3811 epieteti
352 3750 420 3792 voc.
447 3725 628 3791 Ἐκόοίλλειν.
665 3727 810 3793 ionicam
837 3726 1008 3793 didionem
1033 3740 1124 3794 tenet

93 3824 280 3890 Herodotus
303 3827 365 3891 111.
388 3846 460 3914 129.
485 3826 526 3891 de
546 3827 647 3892 Dario
668 3849 811 3907 narrant,
833 3831 1123 3917 Δαριῑον-ςραφῆνορ

92 3927 138 3989 πδν
150 3926 231 3990 πόδα·
255 3926 302 4007 καί
315 3954 368 4002 νιος
383 3928 545 4017 ίχυροτόρας
559 3928 672 4017 ίςρύφη·
697 3927 782 4015 όγύρ
796 3933 821 3992 οί
833 3930 998 4018 όιςράγαλος
1012 3928 1120 4014 ίξιχόι-
1200 3950 1203 3955 ’

91 4024 158 4113 ρηπο
180 4030 211 4089 ἐκ
230 4035 285 4090 τῶν
299 4025 416 4115 ἄρθρων·
440 4029 528 4116 quod
540 4028 629 4095 Dion
644 4028 760 4118 Chrys.
774 4028 823 4096 bis
837 4030 975 4098 referens
996 4051 1030 4118 p·
1046 4047 1121 4117 231.

92 4127 131 4192 B.
147 4141 181 4193 ct
196 4130 215 4192 6
216 4145 271 4212 52.
285 4128 325 4191 E.
339 4127 462 4195 omittit
476 4135 507 4195 ίκ
520 4138 574 4195 τῶν
588 4127 705 4218 ἄρθρον.

564 4250 583 4317 3
602 4250 618 4296 ⁸
632 4252 655 4313 4
