2692 4770
256 309 926 389 arorrrrrr.aaoourca.-p.2ao.a-c.
1036 310 1125 383 ner·

75 471 246 541 confirmat
269 475 504 546 Valckenarius
531 475 571 540 ad
599 475 765 541 'iireooriti
789 473 950 540 Adoniaz.
973 472 1113 562 Digreff.

76 573 140 638 III.
168 597 201 661 p.
219 576 292 661 267.
337 579 376 642 ln
400 575 557 666 κρινομένων
585 576 700 662 partim
725 576 885 641 consentit
911 575 1006 641 Harl.
1032 574 1113 641 dant

73 676 251 760 κριναμένων.
903 696 906 709 “

119 798 153 864 p.
170 796 244 864 230.
259 780 303 843 A.
332 779 390 865 rest]
424 782 506 845 Item
530 801 569 845 ex
592 779 671 847 Vita
692 779 845 868 Lysandri
868 801 902 866 p.
917 795 993 863 451.
1013 777 1058 856 A,
1072 779 1126 846 B.

75 877 200 944 Eadem
218 895 328 944 narrat
350 880 499 946 AElianua
518 883 596 946 Var.
622 880 703 945 Hist.
718 875 779 945 Vl.
794 903 827 962 4.
847 882 892 945 X.
916 896 974 965 15:
1009 879 1115 965 priore

76 977 150 1042 loco
165 978 205 1043 de
220 1002 286 1045 una
299 981 434 1068 loquens
449 979 524 1046 filia.
562 980 656 1046 Teles
671 980 756 1069 apud
775 982 868 1047 Stob.
884 980 968 1046 Flor.
978 980 1115 1046 XCIII.

76 1100 110 1167 p.
125 1083 210 1166 516:
232 1084 382 1171 ’Λυσάνδςε
403 1092 452 1147 τοῦ
469 1083 639 1171 {rapuere
653 1083 695 1158 ris
710 1080 874 1170 ἐνημᾶτερος
887 1082 1014 1168 γέγονεν,
1035 1082 1051 1160 ἢ
1070 1109 1115 1147 τι·

75 1188 136 1263 μῶν
149 1183 284 1247 πλειόνων
298 1185 399 1262 ἠξιώθη
412 1209 423 1264 3
446 1187 469 1272 a}
485 1184 560 1261 οὗτος
575 1189 627 1260 τὰς
639 1184 800 1273 θυγατέρας
812 1189 861 1249 οὐκ
875 1184 983 1249 ἐδύνατο
998 1186 1116 1266 ἒκὸἇθαν

76 1286 187 1369 προῖκα
200 1285 269 1360 δούς.

122 1403 197 1471 230.
213 1389 256 1451 A.
279 1389 534 1473 NAMumorr]
554 1390 688 1454 Nomen
699 1388 762 1454 -viri
778 1386 890 1454 adhuc'
901 1388 1032 1476 quidem
1052 1412 1118 1455 non

78 1486 208 1552 aliunde
224 1488 316 1553 nobie
331 1482 518 1576 cognitum:
541 1490 698 1554 sententia
714 1490 901 1578 pervulgata
915 1491 1040 1554 Amimr
1054 1515 1119 1555 cer·

80 1600 129 1653 tus
155 1589 188 1653 in
211 1614 244 1652 re
264 1592 376 1654 incerta
399 1592 547 1656 cernitur:
573 1592 762 1680 εῐΕὐτνχῙα
782 1594 951 1677 compater·
984 1614 1063 1680 quaa
1084 1593 1118 1658 in
1144 1634 1148 1639 -

79 1690 216 1780 Adagiis
231 1693 374 1758 recenset
388 1693 537 1758 Erasmus
552 1714 586 1780 p.
605 1694 684 1759 118:
709 1693 822 1760 fimilea
837 1694 929 1781 'apud
951 1695 1119 1761 Stoboeum

81 1796 166 1865 Flor.
186 1795 253 1861 Tit.
277 1797 329 1861 De
350 1796 505 1861 Amicitia
524 1810 557 1861 et
577 1797 611 1861 in
633 1798 759 1862 Anton.
778 1811 813 1862 et
828 1797 978 1862 Maximo
992 1818 1026 1884 p.
1043 1798 1119 1882 718.

83 1896 272 1964 Plutarchus
295 1897 328 1962 in
354 1897 437 1963 libro
456 1900 529 1984 [lapi
552 1897 741 1983 Πολυφιλίας,
765 1899 963 1964 laconicum
984 1899 1049 1965 hoc
1068 1898 1120 1965 di·

81 1997 171 2063 &um
186 2023 252 2065 non
267 1998 426 2065 adhibuit.
508 2009 511 2017 '
1046 2000 1047 2004 ’

126 2118 201 2187 230.
215 2100 256 2167 Β.
278 2101 549 2186 ΝΙΚΑΝΔΡΟΥ.]
574 2102 641 2167 Rex
655 2099 717 2165 fuit
731 2101 789 2166 sub
804 2099 933 2166 initium
949 2100 1121 2190 Olympia·

82 2201 181 2268 dum:
205 2203 246 2268 de
261 2226 326 2290 quo
341 2202 499 2269 Meurfiua
514 2205 619 2289 Regu.
635 2201 755 2268 Laced.
768 2202 880 2270 XVII.
903 2223 937 2288 p.
953 2204 1006 2285 76.
1040 2204 1121 2268 Lar·

81 2302 199 2369 cherua
215 2304 372 2370 Chronol.
390 2303 549 2371 Herodot.
565 2327 599 2393 p.
615 2322 691 2392 497.

127 2425 201 2492 230.
217 2407 255 2472 Β.
279 2407 333 2491 a‘.]
359 2406 491 2473 Constat
505 2429 581 2471 eum
600 2405 740 2493 Argivos
758 2404 845 2471 bello
866 2405 997 2474 vexasse.
1035 2408 1123 2474 Har-

82 2507 206 2574 leianus
221 2508 301 2572 liber·
319 2509 374 2573 dat
395 2511 525 2572 -κακόν
538 2508 621 2572 αὐτὸν
635 2508 868 2593 λέγωσιν-τοὺς
881 2511 1008 2594 ἀγαθοὺς
1022 2510 1125 2585 κακοὺς

82 2610 224 2696 λέγοντες.
248 2612 398 2698 Utroque
411 2609 510 2677 modo
524 2632 661 2676 acumen
675 2609 765 2675 estin
780 2609 993 2698 ambiguitate
1007 2610 1123 2677 diuin-

84 2713 134 2779 nis
155 2714 229 2791 δίκην
247 2713 359 2778 rivers:
384 2727 424 2779 ut
445 2733 557 2800 poenae
578 2712 671 2792 dent,
686 2712 734 2777 vel
754 2735 852 2777 errore
861 2713 933 2799 sua,
952 2713 1001 2778 vel
1015 2714 1125 2780 damno

83 2815 173 2904 quod
186 2840 205 2881 a
220 2815 384 2882 Nicandro
399 2815 616 2904 patiebantur.

130 2922 259 3007 230.,Β.
281 2921 401 3007 6.],111
418 2919 591 3006 Apophth.
612 2919 693 3005 Reg.
713 2929 747 2983 et
768 2918 855 2983 Duc.
875 2939 909 3006 p.
927 2919 1000 3006 189.
1016 2921 1052 2984 F.
1074 2941 1126 2986 re·

85 3022 234 3112 sponsum
256 3024 354 3087 exstat
375 3023 433 3087 sub
455 3020 586 3085 nomine
607 3018 740 3084 Charilli
758 3018 801 3106 γ’.
824 3020 880 3085 ubi
894 3019 987 3108 plura
1001 3020 1126 3087 notavi·

85 3148 179 3190 mus:
204 3139 237 3189 et
250 3124 347 3189 {imile
363 3122 497 3210 lymrgi
517 3120 596 3186 ibid.
612 3124 651 3186 E.
666 3118 705 3185 α’.
739 3121 793 3187 De
806 3121 905 3187 barba
917 3122 1129 3189 lacedaemo·

86 3227 215 3294 niorum
231 3247 264 3312 p.
277 3245 332 3311 52.
350 3226 391 3290 C.
403 3225 441 3289 Ε.
454 3237 489 3289 et
504 3223 663 3288 Meursrua
677 3220 815 3288 Miscell.
830 3223 953 3288 Lacon.
972 3223 999 3286 1.
1017 3224 1069 3288 16.
1093 3237 1096 3250 ¹

131 3347 206 3415 230.
223 3329 261 3392 B.
283 3326 340 3413 ss]
365 3325 504 3394 Videtur
518 3323 603 3389 idem
618 3324 682 3390 dici
697 3345 731 3411 p.
747 3324 824 3411 348.
838 3326 885 3391 F:
907 3324 1129 3391 -Λάκων-οὕ

87 3438 182 3505 κακῶς
197 3429 280 3509 εἶπεν,
295 3431 331 3504 ὠς
344 3427 540 3516 ἁμαρτάνωσιν
553 3427 694 3504 Ἀθηναῖοι
708 3426 840 3512 μεγάλα,
850 3429 899 3504 τὴν
913 3416 1018 3503 arsitia
1032 3429 1069 3501 ris
1080 3430 1129 3505 τὴν
1210 3427 1211 3432 ’

85 3536 200 3607 παιδιὰν
215 3530 478 3605 καταναλίσκοντες·
501 3543 536 3594 et
557 3527 655 3616 paulo
675 3527 746 3593 aliis
764 3527 866 3594 verbis
889 3527 1035 3616 Sympos.
1049 3529 1129 3596 Vll.

87 3658 121 3727 p.
137 3652 211 3720 710.
228 3635 264 3700 F.
302 3632 392 3698 Plato
407 3631 487 3697 item
500 3633 582 3719 Leg.
597 3631 676 3699 VII.
693 3632 769 3715 627.
784 3631 824 3697 Ε.
860 3631 912 3696 De
926 3631 983 3695 atio
999 3629 1130 3718 Sparta·

87 3761 194 3803 aarum
211 3736 398 3803 monuimus
413 3734 455 3800 ad
475 3733 599 3800 diuum
619 3733 774 3799 Herondae
794 3755 826 3822 p.
843 3753 918 3803 221.
932 3736 985 3801 D:
1009 3746 1043 3800 et
1057 3757 1130 3801 mo·

89 3839 240 3906 nebimua
264 3839 305 3905 ad
334 3836 482 3904 Instituta
503 3838 582 3903 Lac.
600 3835 663 3920 μα’.
686 3856 719 3923 p.
737 3855 811 3923 239.
825 3837 872 3905 D.
910 3837 971 3904 Pro
992 3835 1133 3919 ἅληθὶζας

88 3944 210 4009 Venet.
226 3941 319 4007 Harl.
334 3940 500 4030 aliquanto
512 3939 628 4006 melius
642 3938 774 4027 ἀληθίζῃ.

134 4063 211 4133 230.
227 4044 268 4110 C.
306 4044 589 4128 meolam]
630 4040 833 4109 Panthoedea
867 4039 1135 4110 lacedaemoniur

91 4145 279 4225 1111110601,
301 4167 322 4209 a
349 4143 636 4232 Pelopida'proelio
661 4142 764 4210 vidue
789 4158 824 4210 et
844 4144 943 4209 caesua
965 4143 1006 4210 ad
1027 4145 1134 4213 Tana·

92 4269 200 4338 gram,
212 4260 444 4316 memoratura
460 4244 633 4312 Plutarcho
647 4243 681 4310 in
697 4242 796 4337 hujus
809 4244 887 4316 vita
896 4267 935 4335 p.
950 4245 1026 4334 285.
1041 4246 1082 4314 E.
1127 4271 1129 4275 ’

564 4367 663 4436 ‚aea
