2692 4770
173 292 178 312 ’
253 306 1097 416 maenumsnuununun.alana-nan.
1138 343 1209 410 819·

160 500 333 567 &Actibus
356 505 449 590 nasci,
473 505 661 570 Plutarchus
681 503 801 568 duxisse
818 503 944 579 videtur
964 523 1003 575 ex
1023 498 1087 564 alio
1114 499 1202 565 Cra··

160 604 233 669 tetia
248 606 391 670 carmine
405 606 504 672 citato
519 606 606 693 apud
620 608 803 693 Diogenem
816 607 924 670 laert.
939 605 1001 668 Vl.
1013 603 1053 687 85
1067 627 1074 666 ι
1097 594 1195 671 ’Axia

160 706 246 789 δόμον
260 707 307 787 nal
321 710 426 796 ortigia
445 709 528 796 pipat,
549 711 596 772 nal
613 717 688 772 σῦκα
711 707 849 796 ιὲᾶρτιις,
867 711 923 786 Ἐξ
941 704 976 769 ὧν
993 710 1023 769 οὐ
1044 711 1195 787 ποῂιμοῦσι

159 811 223 893 πρὸς
244 810 385 888 ἇλλῆλες·
408 813 597 900 περὶτούτων
618 816 688 897 Οὐχ
703 810 777 874 ὅπλα
791 810 988 889 κέκτηνται-.
1026 810 1100 872 Hoc
1115 805 1208 897 vela

161 912 310 999 Diogene
327 913 521 999 profe6tum‚
537 914 585 978 vel
602 913 632 978 ei
654 934 820 1000 perperam
839 913 995 975 tributum
1012 910 1052 974 ab
1075 909 1195 974 Hiero·

163 1037 261 1103 nymo
280 1015 366 1079 Adv.
389 1015 547 1082 Joviuian.
571 1017 615 1080 ll.
639 1037 671 1102 p.
691 1031 744 1100 54.
768 1016 821 1078 H:
847 1014 995 1100 Diogenes
1013 1025 1152 1100 tyrannos
1169 1023 1197 1074 et

152 1117 355 1206 subverfiones
371 1119 506 1215 urbiam²
518 1118 653 1205 belloque
668 1117 720 1182 vel
740 1114 854 1201 histilia
869 1116 920 1178 vel
935 1113 1054 1193 civilia,
1071 1137 1128 1175 non
1143 1127 1196 1199 pro

151 1219 281 1306 stmplici
293 1220 377 1284 ιιὶέῖιι
394 1220 503 1284 olerum
522 1235 738 1308 pomorumque,
750 1219 811 1306 fid
828 1232 882 1305 pro
897 1216 1035 1281 carnibus
1049 1227 1076 1278 et
1090 1215 1197 1304 epula-

162 1345 226 1384 rum
241 1320 354 1384 deliciis
369 1321 468 1406 afferi!
482 1322 617 1384 excitari.

205 1440 279 1510 125.
296 1428 331 1490 F.
355 1426 525 1513 καρδαμῖδα]
552 1428 656 1491 Notat
676 1425 775 1503 idem,
794 1423 881 1511 quod
902 1424 1059 1511 κᾶρδαμοντ
1085 1423 1123 1488 fic
1146 1424 1200 1488 De
1280 1489 1282 1493 ,

163 1527 274 1593 Animi
293 1529 413 1615 Tranq.
437 1551 468 1614 p.
483 1531 559 1610 466.
575 1531 626 1595 D:
655 1530 803 1615 αὐτόπυρον
825 1533 864 1594 ἐπ’
886 1529 993 1602 ἐλαίαις
1015 1527 1030 1606 ἢ
1052 1517 1213 1616 καρδαμίδι

165 1635 280 1711 tuniano
300 1640 466 1720 προσφιλῶς
489 1634 535 1695 καὶ
558 1633 721 1720 προθύμως.
762 1634 814 1696 De
836 1631 892 1696 illo
916 1631 1054 1696 diximus
1075 1654 1109 1718 p.
1127 1651 1199 1699 101.

165 1734 213 1797 D.
239 1733 280 1798 de
297 1733 359 1797 hac
376 1734 557 1798 conletatur
584 1735 628 1796 H.
646 1733 827 1819 Stephanus
844 1734 938 1798 Thes
957 1736 995 1798 L.
1013 1734 1071 1797 Gr.
1095 1732 1199 1799 Indic.

166 1856 196 1922 p.
214 1838 309 1921 1136.
328 1838 364 1900 F.

170 1953 282 2023 125.
301 1941 336 2003 F.
365 1938 452 2026 θρῖον]
489 1939 674 2004 Farciminis
702 1936 831 2003 delicati
858 1960 962 2053 genus
990 1937 1034 2002 ita
1063 1907 1199 2016 dictum,

167 2041 239 2127 quia
254 2040 349 2129 inhp'
339 2067 387 2121 ιιι,
400 2041 481 2128 fici
481 2040 598 2120 solium,
621 2040 852 2106 involvebatur:
877 2039 946 2127 ejus
965 2062 1024 2104 con
1029 2024 1200 2107 tottionem

166 2141 297 2207 tradunt
320 2144 505 2208 PolluxVI.
519 2159 575 2227 57.
613 2142 723 2208 Schol.
741 2141 903 2227 Aristoph.
920 2144 1002 2230 Equ.
1017 2163 1099 2228 951·
1124 2143 1201 2209 hinc

167 2245 312 2310 Suidas
305 2270 337 2309 m
363 2251 410 2335 Θς
413 2247 510 2310 ιοιΤ.
534 2249 578 2311 11.
604 2269 637 2333 p.
661 2250 734 2314 206.
775 2246 968 2334 Hesychius.
1011 2250 1057 2313 H.
1084 2249 1201 2335 Steph.

167 2345 257 2411 Thes.
276 2350 313 2411 L
330 2350 388 2411 Gr.
404 2350 503 2412 Τ..ΙΙ
520 2369 552 2472 p.
569 2369 662 2435 1590.

210 2465 283 2532 125.
300 2449 336 2511 F
360 2450 464 2535 ὀψάρια
486 2449 532 2529 nol
554 2451 764 2540 ὑποτρίμματα]
793 2451 1004 2538 Frequentia
997 2475 1028 2515 1n
1045 2452 1200 2520 Comicu-

170 2571 238 2614 rum
262 2549 452 2636 fragmentis
475 2553 647 2631 vocabula3
671 2552 756 2616 unde
770 2553 841 2639 quis
862 2553 1021 2639 exspeciiet
1043 2553 1129 2618 hunc
1150 2554 1201 2643 ip·

169 2652 235 2718 lum
258 2652 373 2716 inillis
396 2654 511 2717 exstare
535 2654 677 2719 versum:
702 2677 774 2741 quae
790 2676 847 2717 nos
864 2655 932 2740 spes
947 2654 1079 2720 fefellit:
1104 2657 1204 2724 veluti

170 2757 282 2844 ὂψίιςιοι
305 2757 387 2842 saepe
412 2756 499 2842 apud
528 2755 725 2820 Athenaeum
752 2758 794 2821 X.
816 2757 899 2841 385:
935 2756 1113 2824 Philemon.
1139 2760 1202 2828 ud.

170 2857 288 2922 Clerici
312 2881 345 2943 p.
367 2859 442 2943 348.
468 2862 595 2946 mergula
618 2857 744 2945 ὄψᾶριαι
785 2858 948 2922 Pollucem
978 2861 1038 2923 VI.
1062 2863 1202 2949 64-71.

170 2960 340 3048 ὑπότριμμα.
371 2960 532 3024 Plutarch.
550 2960 637 3046 Opp.
654 2963 742 3024 Mor.
757 2962 903 3047 p.68.B.
920 2963 994 3043 644.
1009 2964 1048 3027 B.
1078 2964 1204 3032 Athen.

172 3064 244 3128 662.
259 3063 298 3127 Β.
338 3060 422 3125 Illud
437 3062 631 3147 proximum,
647 3063 707 3137 τοὺς
722 3063 794 3150 ὅρους
808 3067 855 3139 τῆς
868 3065 955 3140 ἡδονῆς
968 3064 1206 3149 μετατίθησιν-η

170 3186 207 3228 ex
229 3164 438 3250 philosophiae
458 3164 573 3228 scholis
595 3164 730 3229 ductum
751 3164 887 3245 videtur,
901 3165 1107 3255 indidemque
1123 3169 1206 3234 hau·

172 3266 232 3330 fille
259 3265 350 3330 Philo
372 3267 448 3331 Jud.
474 3269 554 3352 Leg.
580 3266 726 3353 Allcgor.
750 3290 784 3354 p.
803 3269 856 3330 81.
874 3270 926 3332 A:
959 3269 1085 3358 κατάρας
1108 3270 1202 3354 (ἀξία)

171 3373 242 3448 ἡδονὴ
257 3371 290 3433 τὸ
304 3368 405 3446 πάθος,
422 3376 435 3446 ἡ
450 3374 636 3451 patronicio-a
648 3371 710 3443 τοὺς
724 3367 787 3457 ὅςιις
800 3375 847 3446 τῆς
861 3374 1010 3456 ψυχῆς-η

213 3492 247 3557 p.
265 3471 336 3537 126.
352 3472 394 3534 A.
417 3473 481 3534 Οὔκ
500 3470 559 3533 olla
578 3472 606 3532 δὲ
626 3468 713 3533 ὅντινα
735 3470 1013 3558 τρόπον-μιθωτιῑς
1033 3472 1060 3536 li
1082 3472 1128 3553 nal
1145 3473 1206 3539 διό·

173 3587 228 3648 hog
249 3571 467 3660 ωςοῖέμιθα-]
501 3575 606 3636 locus
629 3573 777 3636 turbatus
798 3572 920 3660 duplici
943 3574 1088 3638 ledionis
1108 3576 1208 3645 varie-

173 3689 250 3739 tate.
289 3674 408 3739 Deleto
428 3677 454 3737 δὲ
476 3674 524 3738 vel
543 3675 659 3759 priore,
680 3673 729 3738 vel
750 3675 930 3761 posteriore,
954 3675 1209 3762 legendum,ch

175 3777 330 3842 nedenda
353 3776 413 3840 hac
436 3775 590 3840 sententia
607 3798 681 3840 cum
704 3775 926 3855 antecedente,
944 3780 975 3840 τὸ
990 3777 1135 3865 συμφέρον·
1160 3776 1209 3845 alic
1339 3839 1340 3842 ,

173 3877 230 3940 οἶδα
253 3877 342 3941 ὅντινα
363 3876 459 3964 τρόπον
481 3875 819 3962 ἡμῶν-προιεμένων-ε
843 3877 892 3941 vel
909 3877 1133 3966 disjungenda,
1156 3883 1196 3947 stc

172 3983 201 4042 τὸ
216 3979 365 4065 συμφέρον.
396 3982 460 4041 Οὐκ
474 3978 531 4041 οἶδα
547 3981 573 4041 δὲ
589 3976 678 4041 ὅντινα
690 3972 786 4066 aginae
801 3984 1057 4061 ἠμῶν-μιθιιτοῖς
1071 3983 1092 4069 ’l
1107 3983 1210 4060 δούλοις

172 4080 342 4168 σροῑέμιθα.
379 4083 432 4146 De
459 4080 521 4146 hoc
547 4081 604 4144 usu
627 4081 768 4145 Genitivi
794 4080 942 4147 Absoluti
965 4084 1151 4148 monuimus
1173 4108 1208 4173 p

175 4201 246 4249 101.
263 4183 305 4250 C.

217 4287 291 4356 126.
309 4287 352 4351 A.
377 4288 623 4375 Ἀρκισιλάοιι-]
658 4287 766 4353 Refert
789 4287 978 4356 Plutarchus
1001 4291 1114 4379 Symp.
1129 4292 1208 4359 v11.

649 4408 743 4474 goa
