2692 4770
149 310 225 378 1092
336 305 439 400 ow.
460 304 986 400 enmonoceupanti

137 464 308 550 sponarra,
323 466 511 533 deliberaret.
536 469 698 534 Caeterutn
714 469 746 534 in
762 469 865 534 nostro
876 466 948 531 loco
961 463 1057 530 Harl.
1069 458 1197 529 omifl'c

147 567 208 644 οὐκ,
224 564 279 629 dat
292 571 373 649 -μὴ
388 569 530 634 ἀποδώσει·
554 569 641 655 quod
657 570 835 657 preseram.

194 667 266 730 186.
282 670 320 731 E.
344 666 389 754 e]
417 672 511 734 Hanc
526 671 661 735 historiae
679 686 802 757 partem
822 668 946 733 fortasse
963 664 1084 731 librarii
1097 662 1190 729 omi·

149 766 257 832 serunt
276 769 307 832 in
330 770 408 835 Vita
427 773 603 837 Alcibiadis
623 793 656 858 p.
671 791 744 838 202.
758 774 802 836 D.
819 771 874 836 ubi
895 768 1039 855 proxima
1055 779 1189 831 tantum

148 888 222 954 pars
234 869 379 935 refertur.
403 875 449 936 At
460 873 608 938 AElianue
617 875 695 937 Var.
708 872 789 936 Hist.
802 873 899 936 XIII.
907 871 960 955 38.
974 867 1086 932 omnia
1099 866 1187 944 haec,

150 990 222 1055 quae
237 971 337 1036 tribus
352 971 403 1037 his
424 973 574 1059 deinceps
593 973 734 1038 numeris
753 973 971 1048 continentur,
989 967 1121 1032 retulit:
1146 988 1188 1032 ex

2 1073 17 1083 ”
150 1091 215 1155 quo
230 1071 331 1135 noster
345 1072 435 1138 locus
450 1073 670 1138 emendandus
691 1075 746 1153 est,
769 1078 852 1153 ζητεῖν
874 1077 1032 1155 ἀποφυγεῖν,
1050 1072 1110 1147 ἐξὸν
1130 1085 1185 1151 φοι·

150 1176 218 1257 γεῖι·
243 1172 289 1251 ita
302 1174 389 1238 enim
405 1173 469 1239 illic
485 1174 623 1263 legitur:
647 1175 736 1250 Οὗτος
750 1177 791 1238 ἐπὶ
807 1173 896 1260 κφύσιν
910 1172 1077 1254 καλούμενος
1089 1175 1187 1233 θοινα-

150 1275 228 1349 τικήν
246 1277 277 1336 ἐκ
296 1272 429 1349 Σικελίας
452 1278 500 1339 ὑπὸ
514 1285 567 1340 τῶν
580 1276 744 1355 Ἀθηναίων,
765 1279 819 1360 ούχ
838 1275 974 1352 bainam
989 1271 1080 1335 εἰπεῖν·
1105 1268 1185 1348 Εὔη-

151 1377 198 1447 8ες
213 1376 259 1438 τὸν
279 1375 382 1460 ἔχοντα
397 1375 471 1454 δίκην
492 1379 577 1458 ζητεῖν
597 1382 756 1462 ἀποφυγεῖν,
772 1380 826 1441 ἐνὸν
839 1382 943 1461 φυγεῖν.
980 1372 1087 1437 Vertit
1110 1373 1185 1459 Xy·

151 1469 280 1541 lauder:
292 1475 421 1563 stultum
443 1479 498 1564 effe
519 1479 616 1542 dicem
640 1503 721 1542 reum
744 1479 808 1566 qui,
830 1503 895 1542 cum
906 1477 1020 1563 figere
1030 1474 1188 1561 judicium

151 1575 250 1657 liceat,
266 1590 385 1663 qaaerat
399 1579 450 1665 qui
465 1580 496 1642 in
511 1580 584 1668 cose
598 1578 756 1666 defendat
772 1581 963 1666 postremum
978 1576 1095 1641 resisus
1111 1574 1188 1640 red·

153 1677 259 1757 datur,
281 1692 400 1766 quaerat
418 1681 556 1767 quomodo
565 1682 682 1768 judicio
696 1680 879 1768 absolvatur.
913 1680 1019 1744 Verba
1040 1678 1116 1743 sunt
1135 1678 1188 1742 fo·

153 1779 252 1843 reniia
270 1779 388 1863 φεύγειν,
403 1783 546 1869 accusari,
562 1782 734 1867 ἀποφεύγει,
746 1781 862 1869 judicio
877 1779 1013 1868 absolvi:
1035 1791 1071 1843 at
1091 1777 1190 1843 Alci·

151 1878 261 1944 biades
283 1879 420 1945 alterum
442 1883 602 1968 ἀποφεύγει
628 1882 784 1947 intellexit
807 1881 919 1946 forensi
941 1878 1193 1959 consuetudine,

153 1992 186 2043 at
208 1987 301 2065 φυγεῖν
322 1981 487 2045 communi
511 1983 642 2047 notione
666 1980 841 2069 ffagicndi.
885 1980 978 2043 Plura
1002 1977 1193 2061 Perizonius

152 2080 175 2144 l.
188 2080 211 2145 l.
227 2096 260 2145 et
275 2082 391 2147 citatus
405 2084 445 2147 ab
460 2105 499 2147 eo
514 2084 698 2169 Leopardus
712 2080 848 2147 Emend.
864 2083 956 2148 XIV.
972 2097 1021 2164 15.

199 2185 271 2247 186.
285 2186 322 2247 E.
342 2183 378 2256 ς’.
395 2185 524 2259 Εἰπόντος
539 2182 566 2247 δέ
579 2186 703 2269 strae-J
730 2185 768 2247 In
782 2183 860 2247 Vita
873 2181 1049 2247 Alcibiadis
1064 2202 1096 2268 p.
1113 2201 1193 2257 202,

153 2285 209 2349 D:
233 2283 308 2347 hinc
324 2284 470 2348 AElianus
485 2286 560 2349 Var.
577 2285 657 2348 Hist.
674 2287 768 2349 XIII.
784 2286 839 2369 38.
951 2272 954 2279 ⁵

199 2387 272 2450 186.
288 2389 323 2450 F.
348 2383 387 2468 ζ’.
408 2387 547 2460 Ἀκούσας
562 2388 645 2472 8ὲ-]
672 2387 754 2450 Item
776 2409 814 2450 ex
834 2385 912 2451 Vita
928 2384 1032 2450 Alcib.
1056 2406 1092 2471 p.
1111 2405 1197 2456 202.

153 2486 198 2552 D.
223 2505 296 2572 203.
311 2487 354 2551 B:
377 2509 417 2550 ex
440 2486 592 2573 praescnte
614 2486 686 2550 loco
709 2485 814 2550 sumit
836 2485 983 2549 AElianus
1002 2486 1082 2548 Var.
1104 2485 1196 2550 Hist.

155 2592 250 2654 XIII.
266 2591 323 2674 383
349 2589 458 2675 attigit
477 2589 598 2652 dictum
616 2588 782 2674 Polyaenus
798 2589 823 2650 1.
839 2607 893 2668 40.
910 2592 941 2653 6.
977 2588 1065 2649 Nam
1081 2609 1135 2650 res
1154 2611 1198 2652 ex

155 2693 293 2755 Historia
308 2705 393 2755 notae
408 2694 491 2755 sunt.
520 2694 613 2755 Forte
629 2705 734 2753 tamen
750 2688 960 2765 monendum,
976 2688 1198 2753 Lacedaemo-

155 2779 237 2872 nioS,
259 2791 409 2855 suadente
430 2791 610 2868 Alcibiade,
631 2790 804 2854 Deceleam
824 2789 943 2852 Atticae
959 2787 1113 2874 oppidum
1132 2814 1198 2855 oc-

100 2950 102 2954 ,
153 2893 277 2979 cupalsc
288 2908 320 2955 et
336 2892 508 2971 munivisse,
520 2892 594 2955 inde
609 2893 713 2977 postea
724 2892 868 2956 Atticam
883 2891 1037 2954 continuo
1050 2893 1196 2972 vexasseg

155 2996 195 3059 de
216 3018 281 3081 quo
302 2994 507 3081 Thucydides
530 2996 607 3058 VII.
633 3014 683 3077 19.
706 2993 770 3080 seq.
813 2993 913 3057 Corn.
940 2994 1051 3078 Nepos
1077 2993 1197 3063 Alcib.

201 3200 273 3262 186.
291 3200 326 3262 F.
349 3198 577 3281 munitos]
603 3195 778 3259 Alcibiadis
798 3218 874 3259 cum
893 3194 988 3258 Nicia
1006 3194 1038 3257 in
1053 3197 1199 3279 expedi-

156 3283 244 3366 tione
266 3299 415 3365 Siciliensi
439 3298 576 3384 collega,
599 3298 702 3382 magis
722 3311 759 3360 ut
776 3320 874 3360 manu
898 3312 931 3360 et
953 3296 1061 3359 animo
1083 3298 1201 3379 sortiS,

156 3425 251 3488 quam
275 3400 405 3487 ingenio
427 3399 616 3484 ,consilioque
638 3399 741 3483 sagax,
759 3398 859 3461 fertur
872 3422 881 3474 3
905 3397 1004 3483 igitur
1027 3418 1086 3460 nec
1109 3420 1200 3484 apo.

156 3504 370 3590 phthegmata
392 3522 451 3566 nec
473 3501 695 3586 strategemata
717 3499 785 3585 ejus
807 3521 1002 3584 magnopere
1026 3498 1116 3562 fuiffe
1146 3503 1201 3567 vi-

156 3605 294 3669 dentur:
323 3618 408 3668 certe
432 3625 495 3665 non
520 3617 747 3665 memorantur.
785 3600 945 3664 Plutarchi
968 3601 1054 3664 bunc
1078 3600 1201 3670 locum

158 3708 219 3770 sine
234 3706 302 3791 ejus
316 3704 458 3782 nomine,
471 3716 508 3766 ut
523 3701 655 3780 multoe,
666 3701 824 3787 descripfit
839 3698 986 3765 Stobaeus
1001 3700 1108 3765 Floril.
1123 3705 1200 3771 Tit.

158 3810 232 3873 LII.
258 3829 290 3892 p.
306 3810 347 3891 36
348 3825 368 3890 5
382 3832 389 3870 z
418 3806 560 3889 Λάμαχος
575 3804 690 3889 incripta
704 3805 754 3865 sol
770 3812 824 3865 τοῖν
838 3812 975 3888 λοχαγῶν
989 3804 1197 3890 ἁμαρτάνοντι·

155 3919 204 3973 τοῦ
218 3911 244 3972 bi
260 3910 403 3989 φήσαντος,
416 3905 515 3988 μηκέτι
525 3913 604 3969 τοῦτο
619 3906 755 3982 ποιήσειν,
771 3908 834 3966 Otia
850 3904 914 3983 ἔςιν,
930 3904 1011 3983 εἶπεν,
1028 3910 1052 3967 ἐν
1066 3908 1201 3998 πολέμου

157 4011 194 4083 δὶς
208 4009 383 4092 ἁμαρτάνον.
414 4005 525 4070 Iisdem
539 4005 640 4068 verbis
653 4004 762 4068 retulit
775 4005 807 4067 S.
818 4005 980 4068 Antonius
995 4006 1024 4069 in
1040 4007 1198 4077 Sentent.

155 4132 188 4196 p.
207 4112 279 4175 268.
318 4112 391 4174 Hoc
415 4104 567 4171 Iantachi
586 4106 706 4171 dietum
722 4106 755 4169 in
774 4101 945 4170 Proierbiis
968 4106 1073 4192 posuit
1096 4111 1199 4177 Eras-

156 4234 229 4275 mus
249 4234 280 4298 p.
299 4226 392 4296 1095.
408 4225 441 4275 et
455 4209 608 4279 Schottus
623 4210 656 4274 in
673 4211 819 4275 Proverb.
835 4210 966 4274 Mettio.
984 4229 1056 4296 232.
