2692 4770
140 306 143 311 ·
191 306 269 363 ιοοι
333 274 980 365 u.w.aumaov.1umurmcm
999 302 1075 365 rm.

187 462 229 526 C.
242 466 371 544 461.D.
394 464 589 553 Simpliciter
602 466 726 546 ἁιιςοίιοο
739 471 800 533 τινὰ
817 467 978 534 Plutarch.
988 468 1078 533 Mor.
1095 487 1128 553 p.
1142 466 1218 553 837.

185 564 240 630 Dr
264 577 297 630 et
309 565 387 650 δςοδς,
400 567 426 631 t's
440 567 602 655 euistatua
619 570 710 655 pofita
725 569 850 655 (6395.
862 571 902 634 B.
918 585 992 655 753.
1007 572 1053 635 F.

230 683 301 750 170.
313 666 351 731 Ε.
375 669 467 757 aripret
481 669 606 753 θύοντες]
628 671 662 736 si
678 671 867 737 Plutarchus
885 672 930 736 ita
943 670 1072 757 scn’pfit,
1094 669 1217 735 necefl'e

177 766 219 832 'fit
240 790 315 832 eum
337 769 483 855 spedalle
499 771 621 837 ditium
637 772 767 859 aliquod
781 787 896 858 poeta,
915 786 1001 838 certe
1018 771 1128 837 Ionica
1147 771 1215 837 for·

140 890 145 894 ’
177 868 270 933 mula
283 870 325 934 ufi
343 870 521 957 scriptoris;
547 873 696 959 liquidem
714 896 773 938 nec
788 873 853 960 ipse
867 895 906 938 ex
920 874 976 938 sua
990 873 1135 958 persona,
1154 893 1215 937 nec

180 969 261 1034 aliua
282 971 458 1057 quisquam,
481 973 591 1039 Attice
611 987 668 1038 aut
693 973 907 1041 communiter
927 974 1041 1038 Graeoe
1062 972 1212 1059 loquens,

178 1072 332 1138 vocabulo
346 1075 564 1161 xa‘zprautitur.
579 1113 582 1119 -
601 1074 663 1140 Sed
678 1076 740 1140 hoc
757 1074 879 1140 dictum
895 1096 995 1161 quum
1009 1072 1097 1160 apud
1111 1073 1212 1138 alium

177 1171 373 1261 scriptorem,
402 1198 498 1263 quem
528 1175 715 1242 Plutarchus
743 1175 860 1241 imitari
887 1176 1039 1263 potuerit,
1062 1175 1210 1240 noudum

176 1274 499 1362 deprehenderemus,
519 1300 583 1343 non
598 1278 732 1344 omnino
754 1277 950 1365 repudianda
967 1277 1010 1341 est
1030 1275 1131 1340 altera
1152 1299 1210 1341 co·

174 1376 283 1442 dicum
302 1377 398 1445 lectio
417 1380 492 1467 κοίςα
508 1379 635 1461 σείοντες,
654 1381 752 1468 capita
767 1391 924 1459 moventes,
939 1377 1026 1464 quod
1040 1377 1083 1441 est
1097 1377 1207 1464 inpro-

174 1477 329 1544 buatium:
351 1504 381 1544 v.
396 1502 426 1545 c.
447 1479 533 1566 apud
552 1481 746 1568 Sophoclem
759 1481 875 1569 Antig.
892 1482 974 1565 296:
997 1483 1122 1542 -ἁλλὶ
1134 1488 1206 1543 rat-¹

172 1604 211 1644 τοι
230 1580 276 1660 καὶ
294 1581 392 1662 σέλαι
410 1583 523 1656 σίλεοις
538 1580 650 1667 Ἄνδρες
667 1582 748 1664 μέλις
764 1583 884 1668 φέροντες
897 1581 1008 1669 έῤῥίθεν
1022 1580 1094 1663 ίμοδ,
1108 1585 1206 1670 Κςοφῆ

171 1683 247 1770 κέρα
261 1683 384 1757 σείοντες.
421 1682 630 1770 Hippocratis
647 1684 744 1769 Epist.
760 1685 836 1748 XX.
857 1705 891 1769 p.
908 1703 960 1749 20.
976 1684 1026 1747 B:
1050 1681 1125 1761 καὶὸ
1142 1689 1204 1761 Διι-

169 1785 297 1872 μέκςιτος
318 1785 470 1864 ὑπακούων,
492 1790 531 1848 τοὶ
550 1786 601 1867 μδν
619 1784 733 1867 ἐμειδία,
752 1787 790 1847 rol
809 1785 837 1848 di
851 1782 982 1869 ίξεγίλοι,
1000 1783 1022 1870 ti,
1038 1782 1128 1847 οὐκέτι
1144 1785 1205 1848 ath

169 1884 298 1969 ἔγραφεν,
325 1889 373 1964 τὴν
399 1887 426 1949 δὲ
450 1891 571 1969 κεφαλὴν
594 1889 702 1967 θαμινὰ
727 1885 872 1949 ίτέσεισεν.
919 1883 1079 1948 Plutarch.
1107 1884 1202 1970 Apo-

167 1987 339 2074 phthegm.
363 1990 441 2051 Lac.
469 2010 502 2073 p.
525 2005 598 2074 235.
621 1988 672 2053 C:
704 1992 718 2050 δ
741 1985 900 2074 ετρεσίιίτης
918 1986 1029 2064 κινήσας
1051 1986 1154 2049 ττολιίν
1171 2014 1203 2053 τι

167 2087 236 2174 κοίρη
255 2089 347 2152 τολιίν
365 2115 396 2151 τε
412 2088 523 2172 γένειον,
544 2088 591 2168 κα)
605 2089 755 2174 δακρύσας,
768 2088 853 2172 Οίμοι
867 2097 920 2153 τῶν
939 2096 1043 2167 κακῶν,
1064 2089 1202 2169 φησὶν,-

165 2209 239 2272 quae
259 2187 375 2273 partim
396 2187 571 2252 Homerica
591 2190 664 2253 sunt
687 2210 726 2252 ex
749 2187 838 2252 Iliad.
857 2190 899 2251 X.
915 2203 967 2272 74.
1004 2186 1202 2274 Hujusmodi

164 2288 366 2353 adulatorum
382 2287 511 2375 ingenia
532 2303 623 2354 notat
641 2288 732 2353 Philo
745 2288 821 2355 lud.
837 2291 889 2353 De
904 2289 1004 2376 Migr.
1019 2289 1144 2354 Abrah.
1164 2312 1199 2377 p.

162 2410 239 2476 405.
253 2394 300 2456 B:
323 2393 384 2468 τοὺς
404 2391 528 2466 κίλακας
549 2396 603 2478 οὐχ
621 2394 695 2478 ὁρᾶς,
716 2391 740 2455 οδ
760 2394 823 2474 μεθ’
838 2392 938 2479 ἡμέραν
957 2391 1004 2470 καὶ
1021 2390 1108 2456 νιίκτα
1123 2397 1198 2456 ἀτο-

164 2494 275 2557 κναίεσι
290 2503 343 2558 τῶν
357 2493 577 2576 κολακευομένων
592 2499 630 2557 τοὶ
646 2491 706 2558 ὦτα
728 2494 894 2581 θςιίτίοντες,
908 2497 957 2556 οὐκ
977 2494 1135 2570 έτινεείοπες
1156 2498 1198 2579 ἐφ’

162 2598 254 2682 §adep
267 2605 320 2660 τῶν
334 2597 487 2682 λεγομένων
501 2599 567 2661 αὐτὸ
581 2596 672 2679 μένον,
689 2602 768 2661 ἀλλὰ
782 2598 803 2683 ιζ,
817 2601 903 2684 ῥήσεις
917 2600 1029 2684 μακρὰς
1043 2596 1198 2683 σονείρονίες

161 2696 208 2776 καὶ
227 2700 423 2786 ῥαψῳδοῦντος,
442 2701 463 2785 οὲ
484 2698 624 2785 εὐχόμενοι
646 2700 697 2782 μὲν
717 2705 750 2784 τῇ
773 2702 845 2786 φανῇ
863 2699 1021 2775 πολλάκις,
1045 2697 1086 2762 aa
1109 2701 1136 2762 di
1159 2712 1196 2787 τῇ

159 2800 262 2887 διανοίᾳ
277 2801 482 2889 καταςείμενοι7
505 2801 535 2866 τί
548 2800 591 2865 οὖν
605 2800 638 2863 ἄν
651 2828 693 2875 τις
708 2800 736 2864 εὖ
751 2811 849 2886 φρονῶν
864 2800 951 2879 εἴποις
975 2798 1018 2887 ἆρ’
1033 2806 1088 2885 οὐχ
1101 2801 1195 2890 ὥσπερ

159 2904 275 2988 ἐχθροὺς
296 2910 404 2983 μᾶλλον
424 2901 440 2979 ἢ
462 2901 544 2985 φίλοις
566 2903 626 2976 τοὺς
649 2901 782 2987 λέγοντας
802 2901 891 2980 ὄντας,
912 2901 958 2980 καὶ
970 2901 1066 2987 ψέγειν
1078 2906 1195 2983 μᾶλλον

157 3003 308 3082 ἢέταινεῖν,
323 3001 374 3089 apia
388 3003 518 3090 δράματα
533 3002 585 3066 ὅλα
599 3004 767 3077 συντιθέντες
783 3003 926 3088 ἐγκωμίων
941 3003 1071 3089 έτᾴδανσι.

202 3121 274 3190 170.
288 3108 325 3170 E.
348 3105 680 3191 Ἀλέξανδροι-Γάϊον]
708 3107 873 3193 Perperam
893 3106 1032 3172 Reillrius
1045 3107 1190 3174 Alexan-

156 3208 249 3273 drum
265 3207 421 3272 intellexit
438 3207 615 3288 Pheraeum,
639 3221 672 3272 ct
694 3207 794 3271 haeret
816 3208 849 3273 in
870 3209 999 3274 nomine
1019 3208 1190 3291 Harmiai,

155 3309 243 3397 quod
261 3310 346 3374 illius
369 3310 527 3396 percussor
549 3310 709 3395 Pytholaus
729 3310 841 3375 fuiffet.
882 3311 986 3397 Atqui
1006 3312 1190 3402 Ἀλέξανδρος

154 3414 194 3478 fic
216 3413 301 3477 nude
323 3412 426 3477 dictus
448 3411 639 3498 significatur
653 3416 666 3474 ὁ
679 3411 758 3475 τιοίνο
775 3437 782 3477 :
806 3427 839 3476 et
858 3411 890 3475 in
906 3412 955 3491 iis,
971 3413 1026 3498 qui
1041 3413 1188 3479 adversus

153 3535 227 3577 eum
251 3512 472 3601 conjurarunt,
495 3511 649 3575 Hermolar'
668 3511 754 3575 haud
776 3513 946 3577 obscurum
969 3514 1032 3576 fuit
1054 3538 1186 3594 nomen,

152 3630 366 3680 memoratum
380 3627 413 3679 et
429 3613 600 3680 Plutarcho
617 3613 649 3676 in
665 3613 760 3677 Alex.
775 3635 808 3699 p.
821 3615 895 3699 696.
906 3614 946 3679 C.
974 3616 1111 3680 Arriano
1124 3618 1184 3681 lV.

153 3734 274 3801 13.14.
313 3714 427 3779 Curtio
441 3715 582 3778 V111.6.
599 3729 630 3797 7.
659 3714 824 3799 Pausanias
844 3713 993 3802 Philippi,
1016 3717 1113 3802 patris
1133 3723 1183 3782 A-

148 3816 451 3895 lexandri„satellea‚
466 3812 605 3903 ejusdem
621 3814 804 3879 interfedtor
817 3814 927 3893 fertur,
941 3817 1102 3882 Aristoteli
1116 3821 1181 3885 Re-

147 3919 238 4008 publ.
250 3921 293 3983 V.
310 3938 361 3982 10.
389 3916 534 3984 Diodoro
548 3915 614 3981 Sic.
630 3917 704 3979 XV.
718 3935 771 4002 94,
781 3933 834 4002 95.
857 3918 986 3983 Valerio
1001 3921 1092 3983 Max.
1109 3922 1135 3984 l.
1148 3923 1180 3986 8.

147 4026 222 4089 Ext.
236 4044 267 4109 9.
297 4020 419 4088 Justino
435 4020 494 4084 lX.
508 4021 542 4083 6.
570 4018 700 4082 AEliano
719 4021 795 4083 Var.
813 4018 893 4083 Hist.
912 4020 974 4083 111.
986 4039 1041 4105 45.
1067 4021 1181 4107 Cafflus

150 4125 285 4203 (ἕσαντο,
312 4123 459 4210 princeps
484 4120 734 4208 conjuratorum,
760 4122 799 4186 C.
815 4122 972 4187 Caesarem
994 4125 1178 4212 Caligulam

147 4224 287 4306 occidit3
309 4239 347 4290 ut
365 4223 411 4291 ait
430 4220 561 4293 Tacitus
583 4224 672 4287 Anu.
693 4224 720 4286 l.
734 4241 799 4310 32:
825 4218 938 4311 Caffius
961 4227 1097 4306 Chaerea,
1112 4252 1178 4292 mur
