<?xml version="1.0" encoding="UTF-8"?>
<!DOCTYPE html PUBLIC "-//W3C//DTD XHTML 1.0 Transitional//EN"
    "http://www.w3.org/TR/xhtml1/DTD/xhtml1-transitional.dtd">
<html xmlns="http://www.w3.org/1999/xhtml" xml:lang="en" lang="en">
 <head>
  <title>
</title>
<meta http-equiv="Content-Type" content="text/html;charset=utf-8" />
  <meta name='ocr-system' content='tesseract 3.04.00' />
  <meta name='ocr-capabilities' content='ocr_page ocr_carea ocr_par ocr_line ocrx_word'/>
</head>
<body>
  <div class='ocr_page' id='page_1' title='image "./plutarchichaero01plutgoog_0057.png"; bbox 0 0 2692 4770; ppageno 0'>
   <div class='ocr_carea' id='block_1_1' title="bbox 147 354 1030 428">
    <p class='ocr_par' dir='ltr' id='par_1_1' title="bbox 147 354 1030 428">
     <span class='ocr_line' id='line_1_1' title="bbox 147 354 1030 428; baseline -0.002 -14"><span class='ocrx_word' id='word_1_1' title='bbox 147 363 206 428; x_wconf 81' lang='lat'>⁵98</span> <span class='ocrx_word' id='word_1_2' title='bbox 285 356 324 414; x_wconf 92' lang='lat' dir='ltr'>D.</span> <span class='ocrx_word' id='word_1_3' title='bbox 339 355 390 414; x_wconf 87' lang='lat' dir='ltr'>W.</span> <span class='ocrx_word' id='word_1_4' title='bbox 410 355 617 415; x_wconf 89' lang='lat' dir='ltr'><strong>ANIMADV.</strong></span> <span class='ocrx_word' id='word_1_5' title='bbox 639 355 686 415; x_wconf 91' lang='lat' dir='ltr'>IN</span> <span class='ocrx_word' id='word_1_6' title='bbox 707 354 936 414; x_wconf 86' lang='lat' dir='ltr'><strong>PLUTARCHI</strong></span> <span class='ocrx_word' id='word_1_7' title='bbox 956 354 1030 413; x_wconf 88' lang='lat' dir='ltr'><strong>LIB.</strong></span> 
     </span>
    </p>
   </div>
   <div class='ocr_carea' id='block_1_2' title="bbox 81 511 1184 4342">
    <p class='ocr_par' dir='ltr' id='par_1_2' title="bbox 148 511 1175 1010">
     <span class='ocr_line' id='line_1_2' title="bbox 148 511 1173 604; baseline -0.003 -26"><span class='ocrx_word' id='word_1_8' title='bbox 148 540 237 604; x_wconf 85' lang='lat' dir='ltr'>quam</span> <span class='ocrx_word' id='word_1_9' title='bbox 258 517 301 579; x_wconf 83' lang='lat' dir='ltr'>ud</span> <span class='ocrx_word' id='word_1_10' title='bbox 319 533 448 604; x_wconf 78' lang='lat' dir='ltr'>praeceps</span> <span class='ocrx_word' id='word_1_11' title='bbox 469 517 553 580; x_wconf 81' lang='lat' dir='ltr'>littus</span> <span class='ocrx_word' id='word_1_12' title='bbox 574 516 655 602; x_wconf 67' lang='lat' dir='ltr'>allffi</span> <span class='ocrx_word' id='word_1_13' title='bbox 672 511 763 580; x_wconf 72' lang='lat' dir='ltr'>marii</span> <span class='ocrx_word' id='word_1_14' title='bbox 785 518 901 581; x_wconf 78' lang='lat' dir='ltr'>excitat.</span> <span class='ocrx_word' id='word_1_15' title='bbox 939 514 1023 579; x_wconf 84' lang='lat' dir='ltr'><strong>Ibld.</strong></span> <span class='ocrx_word' id='word_1_16' title='bbox 1047 534 1081 599; x_wconf 87' lang='lat' dir='ltr'><strong>p.</strong></span> <span class='ocrx_word' id='word_1_17' title='bbox 1098 530 1173 597; x_wconf 84' lang='lat'><strong>791.</strong></span> 
     </span>
     <span class='ocr_line' id='line_1_3' title="bbox 150 614 1175 704; baseline -0.007 -21"><span class='ocrx_word' id='word_1_18' title='bbox 150 622 201 683; x_wconf 85' lang='lat' dir='ltr'>A:</span> <span class='ocrx_word' id='word_1_19' title='bbox 224 623 271 695; x_wconf 73' lang='grc' dir='ltr'>τὴν</span> <span class='ocrx_word' id='word_1_20' title='bbox 284 619 453 704; x_wconf 77' lang='grc' dir='ltr'>ραχίανκαδ</span> <span class='ocrx_word' id='word_1_21' title='bbox 471 624 516 682; x_wconf 81' lang='grc' dir='ltr'>τὸν</span> <span class='ocrx_word' id='word_1_22' title='bbox 535 620 620 702; x_wconf 80' lang='grc' dir='ltr'>ψόρον</span> <span class='ocrx_word' id='word_1_23' title='bbox 638 616 752 700; x_wconf 77' lang='grc' dir='ltr'>ἇρειιαδς</span> <span class='ocrx_word' id='word_1_24' title='bbox 774 624 787 681; x_wconf 89' lang='grc' dir='ltr'><strong>ὁ</strong></span> <span class='ocrx_word' id='word_1_25' title='bbox 808 620 901 702; x_wconf 88' lang='grc' dir='ltr'>λόγος.</span> <span class='ocrx_word' id='word_1_26' title='bbox 940 615 1069 701; x_wconf 82' lang='lat' dir='ltr'>Proprio</span> <span class='ocrx_word' id='word_1_27' title='bbox 1084 614 1175 678; x_wconf 81' lang='lat' dir='ltr'>sensu</span> 
     </span>
     <span class='ocr_line' id='line_1_4' title="bbox 149 719 1175 808; baseline 0.001 -25"><span class='ocrx_word' id='word_1_28' title='bbox 149 721 193 783; x_wconf 85' lang='lat' dir='ltr'>est</span> <span class='ocrx_word' id='word_1_29' title='bbox 213 722 265 786; x_wconf 84' lang='lat' dir='ltr'>De</span> <span class='ocrx_word' id='word_1_30' title='bbox 287 724 376 788; x_wconf 89' lang='lat' dir='ltr'>Glor.</span> <span class='ocrx_word' id='word_1_31' title='bbox 396 723 517 787; x_wconf 85' lang='lat' dir='ltr'>Athen.</span> <span class='ocrx_word' id='word_1_32' title='bbox 541 745 573 808; x_wconf 91' lang='lat' dir='ltr'>p.</span> <span class='ocrx_word' id='word_1_33' title='bbox 590 741 664 808; x_wconf 86' lang='lat'><strong>347.</strong></span> <span class='ocrx_word' id='word_1_34' title='bbox 681 724 723 786; x_wconf 97' lang='lat' dir='ltr'><strong>A.</strong></span> <span class='ocrx_word' id='word_1_35' title='bbox 759 723 898 786; x_wconf 88' lang='lat' dir='ltr'>Sertorio</span> <span class='ocrx_word' id='word_1_36' title='bbox 910 737 985 806; x_wconf 88' lang='lat'><strong><em>571.</em></strong></span> <span class='ocrx_word' id='word_1_37' title='bbox 999 721 1040 784; x_wconf 85' lang='lat' dir='ltr'><strong>E.</strong></span> <span class='ocrx_word' id='word_1_38' title='bbox 1072 719 1175 784; x_wconf 87' lang='lat' dir='ltr'>Arato</span> 
     </span>
     <span class='ocr_line' id='line_1_5' title="bbox 152 810 1175 911; baseline -0.001 -27"><span class='ocrx_word' id='word_1_39' title='bbox 152 841 247 907; x_wconf 85' lang='lat'><strong>1031.</strong></span> <span class='ocrx_word' id='word_1_40' title='bbox 266 825 309 887; x_wconf 91' lang='lat' dir='ltr'>C:</span> <span class='ocrx_word' id='word_1_41' title='bbox 333 823 417 909; x_wconf 88' lang='lat' dir='ltr'>apud</span> <span class='ocrx_word' id='word_1_42' title='bbox 432 827 573 890; x_wconf 89' lang='lat' dir='ltr'>Dionem</span> <span class='ocrx_word' id='word_1_43' title='bbox 590 824 703 911; x_wconf 82' lang='lat' dir='ltr'>Chrys.</span> <span class='ocrx_word' id='word_1_44' title='bbox 717 825 773 888; x_wconf 91' lang='lat' dir='ltr'>Or.</span> <span class='ocrx_word' id='word_1_45' title='bbox 782 810 859 890; x_wconf 89' lang='lat' dir='ltr'><strong>v&#39;11.</strong></span> <span class='ocrx_word' id='word_1_46' title='bbox 873 825 982 909; x_wconf 87' lang='lat' dir='ltr'><strong>99.A:</strong></span> <span class='ocrx_word' id='word_1_47' title='bbox 1006 817 1175 886; x_wconf 81' lang='lat' dir='ltr'>Aristidem</span> 
     </span>
     <span class='ocr_line' id='line_1_6' title="bbox 150 924 503 1010; baseline 0.006 -23"><span class='ocrx_word' id='word_1_48' title='bbox 150 924 189 987; x_wconf 91' lang='lat' dir='ltr'>T.</span> <span class='ocrx_word' id='word_1_49' title='bbox 205 925 231 986; x_wconf 95' lang='lat' dir='ltr'>l.</span> <span class='ocrx_word' id='word_1_50' title='bbox 247 947 279 1010; x_wconf 90' lang='lat' dir='ltr'>p.</span> <span class='ocrx_word' id='word_1_51' title='bbox 295 926 365 990; x_wconf 86' lang='lat'><strong>128.</strong></span> <span class='ocrx_word' id='word_1_52' title='bbox 382 939 416 989; x_wconf 89' lang='lat' dir='ltr'>et</span> <span class='ocrx_word' id='word_1_53' title='bbox 428 941 503 1010; x_wconf 84' lang='lat'><strong>545.</strong></span> 
     </span>
    </p>

    <p class='ocr_par' dir='ltr' id='par_1_3' title="bbox 81 1022 1184 4342">
     <span class='ocr_line' id='line_1_7' title="bbox 184 1022 1176 1110; baseline -0.002 -22"><span class='ocrx_word' id='word_1_54' title='bbox 184 1024 247 1110; x_wconf 73' lang='lat'><strong>83.</strong></span> <span class='ocrx_word' id='word_1_55' title='bbox 263 1027 306 1089; x_wconf 92' lang='lat' dir='ltr'>D.</span> <span class='ocrx_word' id='word_1_56' title='bbox 328 1025 514 1108; x_wconf 72' lang='grc' dir='ltr'>σλαπίομένης</span> <span class='ocrx_word' id='word_1_57' title='bbox 532 1025 570 1088; x_wconf 84' lang='grc' dir='ltr'>ἐτι</span> <span class='ocrx_word' id='word_1_58' title='bbox 591 1026 679 1102; x_wconf 75' lang='grc' dir='ltr'>δόξαις</span> <span class='ocrx_word' id='word_1_59' title='bbox 697 1025 742 1103; x_wconf 65' lang='grc' dir='ltr'>κα)</span> <span class='ocrx_word' id='word_1_60' title='bbox 760 1025 1012 1109; x_wconf 68' lang='grc' dir='ltr'>νόμοις-πάθεσι]</span> <span class='ocrx_word' id='word_1_61' title='bbox 1037 1022 1176 1089; x_wconf 77' lang='lat' dir='ltr'>Animus</span> 
     </span>
     <span class='ocr_line' id='line_1_8' title="bbox 99 1122 1175 1202; baseline -0.004 -12"><span class='ocrx_word' id='word_1_62' title='bbox 99 1140 106 1147; x_wconf 83' lang='grc'><em>”</em></span> <span class='ocrx_word' id='word_1_63' title='bbox 152 1125 297 1190; x_wconf 87' lang='lat' dir='ltr'>nondum</span> <span class='ocrx_word' id='word_1_64' title='bbox 318 1127 443 1190; x_wconf 89' lang='lat' dir='ltr'>virtutis</span> <span class='ocrx_word' id='word_1_65' title='bbox 463 1141 587 1190; x_wconf 83' lang='lat' dir='ltr'>certum</span> <span class='ocrx_word' id='word_1_66' title='bbox 608 1127 722 1190; x_wconf 83' lang='lat' dir='ltr'>statum</span> <span class='ocrx_word' id='word_1_67' title='bbox 741 1126 901 1202; x_wconf 86' lang='lat' dir='ltr'>obtinens,</span> <span class='ocrx_word' id='word_1_68' title='bbox 917 1124 1056 1189; x_wconf 88' lang='lat' dir='ltr'>interdiu</span> <span class='ocrx_word' id='word_1_69' title='bbox 1077 1136 1112 1187; x_wconf 87' lang='lat' dir='ltr'>et</span> <span class='ocrx_word' id='word_1_70' title='bbox 1129 1122 1175 1185; x_wconf 89' lang='lat' dir='ltr'>vi·</span> 
     </span>
     <span class='ocr_line' id='line_1_9' title="bbox 150 1225 1175 1317; baseline -0.002 -28"><span class='ocrx_word' id='word_1_71' title='bbox 150 1226 267 1312; x_wconf 81' lang='lat' dir='ltr'>gilans,</span> <span class='ocrx_word' id='word_1_72' title='bbox 281 1225 483 1312; x_wconf 89' lang='lat' dir='ltr'>opinionibus</span> <span class='ocrx_word' id='word_1_73' title='bbox 503 1239 536 1289; x_wconf 90' lang='lat' dir='ltr'>et</span> <span class='ocrx_word' id='word_1_74' title='bbox 552 1226 677 1312; x_wconf 87' lang='lat' dir='ltr'>legibus</span> <span class='ocrx_word' id='word_1_75' title='bbox 698 1226 841 1311; x_wconf 83' lang='lat' dir='ltr'>lingitur,</span> <span class='ocrx_word' id='word_1_76' title='bbox 864 1226 1031 1302; x_wconf 85' lang='lat' dir='ltr'>formatur,</span> <span class='ocrx_word' id='word_1_77' title='bbox 1047 1244 1175 1317; x_wconf 72' lang='lat' dir='ltr'>cosroe·</span> 
     </span>
     <span class='ocr_line' id='line_1_10' title="bbox 151 1323 1175 1413; baseline -0.003 -23"><span class='ocrx_word' id='word_1_78' title='bbox 151 1340 221 1390; x_wconf 90' lang='lat' dir='ltr'>tur:</span> <span class='ocrx_word' id='word_1_79' title='bbox 251 1326 366 1413; x_wconf 86' lang='lat' dir='ltr'>quibus</span> <span class='ocrx_word' id='word_1_80' title='bbox 388 1349 444 1413; x_wconf 90' lang='lat' dir='ltr'>per</span> <span class='ocrx_word' id='word_1_81' title='bbox 467 1327 615 1391; x_wconf 87' lang='lat' dir='ltr'>somnum</span> <span class='ocrx_word' id='word_1_82' title='bbox 636 1326 769 1405; x_wconf 87' lang='lat' dir='ltr'>solutus,</span> <span class='ocrx_word' id='word_1_83' title='bbox 795 1326 827 1390; x_wconf 88' lang='lat' dir='ltr'>in</span> <span class='ocrx_word' id='word_1_84' title='bbox 846 1325 1008 1413; x_wconf 85' lang='lat' dir='ltr'>pristinum</span> <span class='ocrx_word' id='word_1_85' title='bbox 1030 1323 1175 1388; x_wconf 88' lang='lat' dir='ltr'>habitum</span> 
     </span>
     <span class='ocr_line' id='line_1_11' title="bbox 152 1424 1175 1512; baseline -0.003 -22"><span class='ocrx_word' id='word_1_86' title='bbox 152 1426 317 1505; x_wconf 83' lang='lat' dir='ltr'>relabitur,</span> <span class='ocrx_word' id='word_1_87' title='bbox 345 1440 441 1512; x_wconf 85' lang='lat' dir='ltr'>atque</span> <span class='ocrx_word' id='word_1_88' title='bbox 465 1448 485 1489; x_wconf 87' lang='lat' dir='ltr'>a</span> <span class='ocrx_word' id='word_1_89' title='bbox 507 1427 734 1511; x_wconf 80' lang='lat' dir='ltr'>cupiditatibus</span> <span class='ocrx_word' id='word_1_90' title='bbox 759 1426 921 1491; x_wconf 87' lang='lat' dir='ltr'>resolvitur</span> <span class='ocrx_word' id='word_1_91' title='bbox 941 1438 975 1489; x_wconf 84' lang='lat' dir='ltr'>et</span> <span class='ocrx_word' id='word_1_92' title='bbox 997 1424 1175 1490; x_wconf 84' lang='lat' dir='ltr'>revolvitur.</span> 
     </span>
     <span class='ocr_line' id='line_1_12' title="bbox 151 1525 1175 1613; baseline -0.001 -23"><span class='ocrx_word' id='word_1_93' title='bbox 151 1526 297 1591; x_wconf 72' lang='lat' dir='ltr'>Du&amp;um</span> <span class='ocrx_word' id='word_1_94' title='bbox 313 1550 350 1590; x_wconf 86' lang='lat' dir='ltr'>ex</span> <span class='ocrx_word' id='word_1_95' title='bbox 367 1528 439 1591; x_wconf 87' lang='lat' dir='ltr'>loco</span> <span class='ocrx_word' id='word_1_96' title='bbox 462 1527 600 1591; x_wconf 86' lang='lat' dir='ltr'>Platonis</span> <span class='ocrx_word' id='word_1_97' title='bbox 623 1530 703 1613; x_wconf 88' lang='lat' dir='ltr'><strong>Rep.</strong></span> <span class='ocrx_word' id='word_1_98' title='bbox 720 1530 779 1591; x_wconf 90' lang='lat' dir='ltr'><strong>IX.</strong></span> <span class='ocrx_word' id='word_1_99' title='bbox 797 1548 829 1611; x_wconf 90' lang='lat' dir='ltr'>p.</span> <span class='ocrx_word' id='word_1_100' title='bbox 844 1545 918 1610; x_wconf 85' lang='lat'><strong>502.</strong></span> <span class='ocrx_word' id='word_1_101' title='bbox 933 1528 976 1591; x_wconf 87' lang='lat' dir='ltr'><strong>A.</strong></span> <span class='ocrx_word' id='word_1_102' title='bbox 1000 1525 1093 1611; x_wconf 85' lang='lat' dir='ltr'>supra</span> <span class='ocrx_word' id='word_1_103' title='bbox 1106 1525 1175 1589; x_wconf 84' lang='lat' dir='ltr'>lau-</span> 
     </span>
     <span class='ocr_line' id='line_1_13' title="bbox 152 1625 1174 1713; baseline -0.002 -22"><span class='ocrx_word' id='word_1_104' title='bbox 152 1627 229 1691; x_wconf 85' lang='lat' dir='ltr'>dato</span> <span class='ocrx_word' id='word_1_105' title='bbox 250 1649 283 1713; x_wconf 89' lang='lat' dir='ltr'>p.</span> <span class='ocrx_word' id='word_1_106' title='bbox 301 1628 353 1712; x_wconf 88' lang='lat'>83.</span> <span class='ocrx_word' id='word_1_107' title='bbox 368 1629 411 1691; x_wconf 90' lang='lat' dir='ltr'>A.</span> <span class='ocrx_word' id='word_1_108' title='bbox 429 1627 521 1692; x_wconf 89' lang='lat' dir='ltr'>initio</span> <span class='ocrx_word' id='word_1_109' title='bbox 542 1642 649 1692; x_wconf 83' lang='lat' dir='ltr'>tamen</span> <span class='ocrx_word' id='word_1_110' title='bbox 671 1626 793 1705; x_wconf 80' lang='lat' dir='ltr'>omilso‚</span> <span class='ocrx_word' id='word_1_111' title='bbox 817 1625 904 1711; x_wconf 89' lang='lat' dir='ltr'>quod</span> <span class='ocrx_word' id='word_1_112' title='bbox 923 1627 976 1690; x_wconf 87' lang='lat' dir='ltr'>hic</span> <span class='ocrx_word' id='word_1_113' title='bbox 997 1625 1174 1713; x_wconf 58' lang='lat' dir='ltr'>speritatur:</span> 
     </span>
     <span class='ocr_line' id='line_1_14' title="bbox 152 1726 1178 1811; baseline -0.004 -19"><span class='ocrx_word' id='word_1_114' title='bbox 152 1736 206 1792; x_wconf 79' lang='grc' dir='ltr'>τῶν</span> <span class='ocrx_word' id='word_1_115' title='bbox 223 1730 274 1808; x_wconf 74' lang='grc' dir='ltr'>μὲν</span> <span class='ocrx_word' id='word_1_116' title='bbox 287 1729 446 1811; x_wconf 76' lang='grc' dir='ltr'><strong><em>ἀναγκαίων</em></strong></span> <span class='ocrx_word' id='word_1_117' title='bbox 460 1730 553 1804; x_wconf 78' lang='grc' dir='ltr'>ἡδονῶν</span> <span class='ocrx_word' id='word_1_118' title='bbox 572 1755 604 1791; x_wconf 89' lang='grc' dir='ltr'>πε</span> <span class='ocrx_word' id='word_1_119' title='bbox 623 1726 669 1804; x_wconf 61' lang='grc' dir='ltr'>καὶ</span> <span class='ocrx_word' id='word_1_120' title='bbox 686 1732 832 1808; x_wconf 70' lang='grc' dir='ltr'>ἐπιθυμιῶν</span> <span class='ocrx_word' id='word_1_121' title='bbox 850 1727 959 1791; x_wconf 82' lang='grc' dir='ltr'>δοκοῦσί</span> <span class='ocrx_word' id='word_1_122' title='bbox 972 1726 1039 1801; x_wconf 83' lang='grc' dir='ltr'>πινές</span> <span class='ocrx_word' id='word_1_123' title='bbox 1051 1753 1100 1808; x_wconf 88' lang='grc' dir='ltr'>μοι</span> <span class='ocrx_word' id='word_1_124' title='bbox 1115 1726 1178 1804; x_wconf 75' lang='grc' dir='ltr'>εένας</span> 
     </span>
     <span class='ocr_line' id='line_1_15' title="bbox 151 1826 1181 1914; baseline -0.002 -22"><span class='ocrx_word' id='word_1_125' title='bbox 151 1830 313 1914; x_wconf 80' lang='grc' dir='ltr'>παράνομοι·</span> <span class='ocrx_word' id='word_1_126' title='bbox 335 1829 364 1892; x_wconf 78' lang='grc' dir='ltr'>αἳ</span> <span class='ocrx_word' id='word_1_127' title='bbox 379 1829 541 1893; x_wconf 81' lang='grc' dir='ltr'>κινδυνεύεσι</span> <span class='ocrx_word' id='word_1_128' title='bbox 561 1831 610 1910; x_wconf 77' lang='grc' dir='ltr'>μὲν</span> <span class='ocrx_word' id='word_1_129' title='bbox 625 1829 774 1913; x_wconf 69' lang='grc' dir='ltr'>ἑγγίνεῶας</span> <span class='ocrx_word' id='word_1_130' title='bbox 786 1829 881 1906; x_wconf 76' lang='grc' dir='ltr'>παντί,</span> <span class='ocrx_word' id='word_1_131' title='bbox 895 1829 1074 1910; x_wconf 81' lang='grc' dir='ltr'>κολαζόμεναρ</span> <span class='ocrx_word' id='word_1_132' title='bbox 1087 1829 1115 1890; x_wconf 79' lang='grc' dir='ltr'>δέ</span> <span class='ocrx_word' id='word_1_133' title='bbox 1129 1826 1181 1890; x_wconf 80' lang='grc' dir='ltr'>ὑπό</span> 
     </span>
     <span class='ocr_line' id='line_1_16' title="bbox 151 1929 1179 2017; baseline 0.001 -23"><span class='ocrx_word' id='word_1_134' title='bbox 151 1958 184 1994; x_wconf 87' lang='grc' dir='ltr'>πε</span> <span class='ocrx_word' id='word_1_135' title='bbox 196 1941 250 1994; x_wconf 80' lang='grc' dir='ltr'>τῶν</span> <span class='ocrx_word' id='word_1_136' title='bbox 270 1931 355 2014; x_wconf 78' lang='grc' dir='ltr'>νόμον</span> <span class='ocrx_word' id='word_1_137' title='bbox 373 1930 418 2010; x_wconf 68' lang='grc' dir='ltr'>κο)</span> <span class='ocrx_word' id='word_1_138' title='bbox 437 1940 490 1994; x_wconf 80' lang='grc' dir='ltr'>τῶν</span> <span class='ocrx_word' id='word_1_139' title='bbox 503 1931 647 2010; x_wconf 73' lang='grc' dir='ltr'>βελτιόνων</span> <span class='ocrx_word' id='word_1_140' title='bbox 661 1936 808 2010; x_wconf 79' lang='grc' dir='ltr'>ἐπιθυμιῶν</span> <span class='ocrx_word' id='word_1_141' title='bbox 827 1935 901 2017; x_wconf 76' lang='grc' dir='ltr'>μετὰ</span> <span class='ocrx_word' id='word_1_142' title='bbox 921 1930 1017 2013; x_wconf 89' lang='grc' dir='ltr'>λόγου,</span> <span class='ocrx_word' id='word_1_143' title='bbox 1040 1929 1113 1993; x_wconf 74' lang='grc' dir='ltr'>ἐνίων</span> <span class='ocrx_word' id='word_1_144' title='bbox 1129 1930 1179 2011; x_wconf 65' lang='grc' dir='ltr'>μὲν</span> 
     </span>
     <span class='ocr_line' id='line_1_17' title="bbox 152 2028 1178 2118; baseline 0 -24"><span class='ocrx_word' id='word_1_145' title='bbox 152 2033 301 2118; x_wconf 69' lang='grc' dir='ltr'>ἀνθρώπων</span> <span class='ocrx_word' id='word_1_146' title='bbox 314 2032 329 2108; x_wconf 77' lang='grc' dir='ltr'>ἢ</span> <span class='ocrx_word' id='word_1_147' title='bbox 342 2031 526 2094; x_wconf 70' lang='grc' dir='ltr'>παντάπασιν</span> <span class='ocrx_word' id='word_1_148' title='bbox 539 2031 765 2110; x_wconf 68' lang='grc' dir='ltr'>ἁπαλλύπίεοθαρ,</span> <span class='ocrx_word' id='word_1_149' title='bbox 780 2030 795 2105; x_wconf 73' lang='grc' dir='ltr'>ἢ</span> <span class='ocrx_word' id='word_1_150' title='bbox 809 2030 903 2112; x_wconf 66' lang='grc' dir='ltr'>ὀλίγας</span> <span class='ocrx_word' id='word_1_151' title='bbox 918 2028 1084 2115; x_wconf 58' lang='grc' dir='ltr'>λείπεθαριὲ</span> <span class='ocrx_word' id='word_1_152' title='bbox 1099 2034 1178 2094; x_wconf 57' lang='lat' dir='ltr'>iubr-</span> 
     </span>
     <span class='ocr_line' id='line_1_18' title="bbox 152 2130 1179 2219; baseline 0 -23"><span class='ocrx_word' id='word_1_153' title='bbox 152 2138 215 2211; x_wconf 81' lang='grc' dir='ltr'>νεῖς,</span> <span class='ocrx_word' id='word_1_154' title='bbox 229 2143 282 2197; x_wconf 83' lang='grc' dir='ltr'>πῶν</span> <span class='ocrx_word' id='word_1_155' title='bbox 296 2135 323 2196; x_wconf 81' lang='grc' dir='ltr'>δὲ</span> <span class='ocrx_word' id='word_1_156' title='bbox 339 2133 492 2219; x_wconf 66' lang='grc' dir='ltr'>ἐχυρύτεραρ</span> <span class='ocrx_word' id='word_1_157' title='bbox 505 2130 551 2207; x_wconf 67' lang='lat' dir='ltr'>nul</span> <span class='ocrx_word' id='word_1_158' title='bbox 562 2132 677 2205; x_wconf 73' lang='grc' dir='ltr'>ουλείιις.</span> <span class='ocrx_word' id='word_1_159' title='bbox 713 2131 813 2215; x_wconf 77' lang='grc' dir='ltr'>Λίγεις</span> <span class='ocrx_word' id='word_1_160' title='bbox 831 2132 858 2193; x_wconf 85' lang='grc' dir='ltr'>δέ</span> <span class='ocrx_word' id='word_1_161' title='bbox 875 2131 962 2210; x_wconf 87' lang='grc' dir='ltr'>πίνας,</span> <span class='ocrx_word' id='word_1_162' title='bbox 984 2131 1044 2212; x_wconf 76' lang='grc' dir='ltr'>ἔφη,</span> <span class='ocrx_word' id='word_1_163' title='bbox 1063 2131 1179 2206; x_wconf 75' lang='grc' dir='ltr'>παύσας.</span> 
     </span>
     <span class='ocr_line' id='line_1_19' title="bbox 152 2230 1181 2320; baseline -0.001 -24"><span class='ocrx_word' id='word_1_164' title='bbox 152 2239 213 2308; x_wconf 77' lang='grc' dir='ltr'>Τὰς</span> <span class='ocrx_word' id='word_1_165' title='bbox 226 2236 294 2320; x_wconf 70' lang='grc' dir='ltr'>περὶ</span> <span class='ocrx_word' id='word_1_166' title='bbox 314 2236 359 2296; x_wconf 84' lang='grc' dir='ltr'>πδν</span> <span class='ocrx_word' id='word_1_167' title='bbox 379 2231 466 2312; x_wconf 81' lang='grc' dir='ltr'>ύπνον,</span> <span class='ocrx_word' id='word_1_168' title='bbox 486 2232 515 2308; x_wconf 78' lang='grc' dir='ltr'>ἦν</span> <span class='ocrx_word' id='word_1_169' title='bbox 533 2235 554 2295; x_wconf 91' lang='grc' dir='ltr'>δ’</span> <span class='ocrx_word' id='word_1_170' title='bbox 575 2231 642 2315; x_wconf 75' lang='grc' dir='ltr'>ἐγῶ,</span> <span class='ocrx_word' id='word_1_171' title='bbox 658 2231 837 2318; x_wconf 68' lang='grc' dir='ltr'>ἐγειρομένας·</span> <span class='ocrx_word' id='word_1_172' title='bbox 861 2231 925 2295; x_wconf 77' lang='grc' dir='ltr'>ύιαν</span> <span class='ocrx_word' id='word_1_173' title='bbox 940 2235 970 2296; x_wconf 75' lang='lat' dir='ltr'>ri</span> <span class='ocrx_word' id='word_1_174' title='bbox 983 2233 1033 2314; x_wconf 73' lang='grc' dir='ltr'>μὲν</span> <span class='ocrx_word' id='word_1_175' title='bbox 1046 2230 1120 2295; x_wconf 67' lang='grc' dir='ltr'>ἄλλο</span> <span class='ocrx_word' id='word_1_176' title='bbox 1133 2238 1181 2308; x_wconf 77' lang='grc' dir='ltr'>τῆς</span> 
     </span>
     <span class='ocr_line' id='line_1_20' title="bbox 153 2333 1178 2421; baseline 0.002 -24"><span class='ocrx_word' id='word_1_177' title='bbox 153 2337 248 2421; x_wconf 78' lang='grc' dir='ltr'>ψυχῆς</span> <span class='ocrx_word' id='word_1_178' title='bbox 270 2334 327 2420; x_wconf 61' lang='grc' dir='ltr'>εὕδῃ</span> <span class='ocrx_word' id='word_1_179' title='bbox 350 2362 378 2398; x_wconf 88' lang='grc' dir='ltr'>κ.</span> <span class='ocrx_word' id='word_1_180' title='bbox 389 2360 418 2397; x_wconf 89' lang='grc' dir='ltr'>τ.</span> <span class='ocrx_word' id='word_1_181' title='bbox 429 2349 459 2396; x_wconf 86' lang='grc' dir='ltr'>λ.</span> <span class='ocrx_word' id='word_1_182' title='bbox 497 2333 684 2396; x_wconf 86' lang='lat' dir='ltr'>Plutarchus</span> <span class='ocrx_word' id='word_1_183' title='bbox 699 2334 750 2397; x_wconf 87' lang='lat' dir='ltr'>De</span> <span class='ocrx_word' id='word_1_184' title='bbox 765 2333 848 2397; x_wconf 88' lang='lat' dir='ltr'>Virt.</span> <span class='ocrx_word' id='word_1_185' title='bbox 863 2348 895 2398; x_wconf 88' lang='lat' dir='ltr'>et</span> <span class='ocrx_word' id='word_1_186' title='bbox 909 2334 977 2399; x_wconf 91' lang='lat' dir='ltr'>Vit.</span> <span class='ocrx_word' id='word_1_187' title='bbox 996 2355 1029 2418; x_wconf 92' lang='lat' dir='ltr'>p.</span> <span class='ocrx_word' id='word_1_188' title='bbox 1046 2353 1120 2398; x_wconf 90' lang='lat'><strong>100.</strong></span> <span class='ocrx_word' id='word_1_189' title='bbox 1135 2336 1161 2399; x_wconf 82' lang='lat' dir='ltr'>F</span> <span class='ocrx_word' id='word_1_190' title='bbox 1169 2360 1178 2399; x_wconf 78' lang='grc' dir='ltr'>ε</span> 
     </span>
     <span class='ocr_line' id='line_1_21' title="bbox 152 2432 1183 2521; baseline 0.001 -24"><span class='ocrx_word' id='word_1_191' title='bbox 152 2439 215 2518; x_wconf 87' lang='grc' dir='ltr'>μεθ’</span> <span class='ocrx_word' id='word_1_192' title='bbox 240 2435 350 2521; x_wconf 76' lang='grc' dir='ltr'>ἡμέραν.</span> <span class='ocrx_word' id='word_1_193' title='bbox 364 2436 413 2516; x_wconf 75' lang='grc' dir='ltr'>μὲν</span> <span class='ocrx_word' id='word_1_194' title='bbox 436 2437 494 2518; x_wconf 74' lang='grc' dir='ltr'>γὰρ</span> <span class='ocrx_word' id='word_1_195' title='bbox 516 2433 566 2511; x_wconf 77' lang='grc' dir='ltr'>ἐξου</span> <span class='ocrx_word' id='word_1_196' title='bbox 586 2433 718 2510; x_wconf 68' lang='grc' dir='ltr'>βλέπουσα</span> <span class='ocrx_word' id='word_1_197' title='bbox 742 2435 764 2519; x_wconf 59' lang='grc' dir='ltr'>οὲ</span> <span class='ocrx_word' id='word_1_198' title='bbox 787 2433 1028 2519; x_wconf 70' lang='grc' dir='ltr'>συχημαπιζομύνιι</span> <span class='ocrx_word' id='word_1_199' title='bbox 1051 2441 1067 2511; x_wconf 80' lang='grc' dir='ltr'><strong>ἡ</strong></span> <span class='ocrx_word' id='word_1_200' title='bbox 1092 2432 1183 2498; x_wconf 82' lang='grc' dir='ltr'>κακία</span> 
     </span>
     <span class='ocr_line' id='line_1_22' title="bbox 152 2535 1182 2625; baseline -0.004 -24"><span class='ocrx_word' id='word_1_201' title='bbox 152 2539 218 2625; x_wconf 74' lang='grc' dir='ltr'>πρὸς</span> <span class='ocrx_word' id='word_1_202' title='bbox 234 2536 348 2624; x_wconf 74' lang='grc' dir='ltr'>ἕπε’ςους,</span> <span class='ocrx_word' id='word_1_203' title='bbox 364 2539 522 2614; x_wconf 76' lang='grc' dir='ltr'>δυσαπᾶπαρ</span> <span class='ocrx_word' id='word_1_204' title='bbox 536 2536 557 2619; x_wconf 57' lang='grc' dir='ltr'>οὲ</span> <span class='ocrx_word' id='word_1_205' title='bbox 573 2535 758 2621; x_wconf 77' lang='grc' dir='ltr'>περικαλύπίει</span> <span class='ocrx_word' id='word_1_206' title='bbox 773 2540 812 2598; x_wconf 81' lang='grc' dir='ltr'>τοὶ</span> <span class='ocrx_word' id='word_1_207' title='bbox 824 2537 970 2612; x_wconf 72' lang='grc' dir='ltr'>πύθη-ἐν</span> <span class='ocrx_word' id='word_1_208' title='bbox 983 2537 1010 2599; x_wconf 82' lang='grc' dir='ltr'>δέ</span> <span class='ocrx_word' id='word_1_209' title='bbox 1022 2539 1078 2609; x_wconf 84' lang='grc' dir='ltr'>τοῖς</span> <span class='ocrx_word' id='word_1_210' title='bbox 1093 2535 1182 2611; x_wconf 81' lang='grc' dir='ltr'>ύπνοις</span> 
     </span>
     <span class='ocr_line' id='line_1_23' title="bbox 152 2634 1182 2722; baseline -0.002 -20"><span class='ocrx_word' id='word_1_211' title='bbox 152 2645 335 2722; x_wconf 71' lang='grc' dir='ltr'><strong><em>ἀποφυγοῦσα</em></strong></span> <span class='ocrx_word' id='word_1_212' title='bbox 358 2636 476 2721; x_wconf 69' lang='grc' dir='ltr'>δύξαςνέ,</span> <span class='ocrx_word' id='word_1_213' title='bbox 501 2635 593 2715; x_wconf 70' lang='grc' dir='ltr'>νόμος,</span> <span class='ocrx_word' id='word_1_214' title='bbox 616 2635 638 2720; x_wconf 61' lang='grc' dir='ltr'>οὲ</span> <span class='ocrx_word' id='word_1_215' title='bbox 661 2634 833 2721; x_wconf 70' lang='grc' dir='ltr'>πορρωτάτω</span> <span class='ocrx_word' id='word_1_216' title='bbox 854 2635 980 2720; x_wconf 73' lang='grc' dir='ltr'>γενομένη</span> <span class='ocrx_word' id='word_1_217' title='bbox 1002 2644 1050 2699; x_wconf 82' lang='grc' dir='ltr'>τοῦ</span> <span class='ocrx_word' id='word_1_218' title='bbox 1072 2636 1182 2717; x_wconf 77' lang='grc' dir='ltr'>δεδνένας</span> 
     </span>
     <span class='ocr_line' id='line_1_24' title="bbox 153 2737 1182 2824; baseline 0.001 -23"><span class='ocrx_word' id='word_1_219' title='bbox 153 2741 176 2824; x_wconf 77' lang='lat' dir='ltr'>’b</span> <span class='ocrx_word' id='word_1_220' title='bbox 195 2743 329 2818; x_wconf 67' lang='grc' dir='ltr'>αίδεῖοθαρ,</span> <span class='ocrx_word' id='word_1_221' title='bbox 348 2745 449 2801; x_wconf 68' lang='grc' dir='ltr'>πᾶσαν</span> <span class='ocrx_word' id='word_1_222' title='bbox 465 2737 610 2820; x_wconf 72' lang='grc' dir='ltr'>ἐπιθυμίαν</span> <span class='ocrx_word' id='word_1_223' title='bbox 628 2741 695 2800; x_wconf 77' lang='grc' dir='ltr'>κινεῖ</span> <span class='ocrx_word' id='word_1_224' title='bbox 713 2738 760 2800; x_wconf 81' lang='grc' dir='ltr'>καί</span> <span class='ocrx_word' id='word_1_225' title='bbox 775 2737 936 2823; x_wconf 77' lang='grc' dir='ltr'>ἐπανεγείρει</span> <span class='ocrx_word' id='word_1_226' title='bbox 954 2740 985 2800; x_wconf 74' lang='lat' dir='ltr'>tl</span> <span class='ocrx_word' id='word_1_227' title='bbox 1005 2737 1139 2816; x_wconf 75' lang='grc' dir='ltr'>κακόηθες</span> <span class='ocrx_word' id='word_1_228' title='bbox 1158 2740 1182 2824; x_wconf 61' lang='grc' dir='ltr'>οὲ</span> 
     </span>
     <span class='ocr_line' id='line_1_25' title="bbox 152 2837 1183 2924; baseline 0 -22"><span class='ocrx_word' id='word_1_229' title='bbox 152 2841 301 2913; x_wconf 82' lang='grc' dir='ltr'>ἂκόλαςον·</span> <span class='ocrx_word' id='word_1_230' title='bbox 325 2838 409 2923; x_wconf 82' lang='grc' dir='ltr'>μητρί</span> <span class='ocrx_word' id='word_1_231' title='bbox 425 2865 456 2902; x_wconf 90' lang='grc' dir='ltr'>τε</span> <span class='ocrx_word' id='word_1_232' title='bbox 476 2845 533 2924; x_wconf 74' lang='grc' dir='ltr'>γὰρ</span> <span class='ocrx_word' id='word_1_233' title='bbox 555 2842 686 2924; x_wconf 82' lang='grc' dir='ltr'>ἐπιχειρεῖ</span> <span class='ocrx_word' id='word_1_234' title='bbox 701 2840 854 2922; x_wconf 71' lang='grc' dir='ltr'>μίγνυεθαρ,</span> <span class='ocrx_word' id='word_1_235' title='bbox 875 2837 909 2912; x_wconf 83' lang='grc' dir='ltr'>ούς</span> <span class='ocrx_word' id='word_1_236' title='bbox 932 2857 1010 2919; x_wconf 79' lang='grc' dir='ltr'>φησιν</span> <span class='ocrx_word' id='word_1_237' title='bbox 1028 2840 1183 2904; x_wconf 63' lang='lat' dir='ltr'>tullum</span> 
     </span>
     <span class='ocr_line' id='line_1_26' title="bbox 152 2938 1183 3025; baseline 0.002 -22"><span class='ocrx_word' id='word_1_238' title='bbox 152 2966 221 3003; x_wconf 83' lang='grc' dir='ltr'>α.τ.</span> <span class='ocrx_word' id='word_1_239' title='bbox 233 2955 263 3002; x_wconf 87' lang='grc' dir='ltr'>λ.</span> <span class='ocrx_word' id='word_1_240' title='bbox 298 2941 350 3002; x_wconf 88' lang='lat' dir='ltr'>De</span> <span class='ocrx_word' id='word_1_241' title='bbox 364 2941 449 3002; x_wconf 83' lang='lat' dir='ltr'>Virt.</span> <span class='ocrx_word' id='word_1_242' title='bbox 471 2941 558 3002; x_wconf 87' lang='lat' dir='ltr'>Mor.</span> <span class='ocrx_word' id='word_1_243' title='bbox 583 2959 614 3023; x_wconf 89' lang='lat' dir='ltr'>p.</span> <span class='ocrx_word' id='word_1_244' title='bbox 629 2957 704 3022; x_wconf 88' lang='lat'>443.</span> <span class='ocrx_word' id='word_1_245' title='bbox 720 2941 758 3015; x_wconf 85' lang='lat' dir='ltr'>B,</span> <span class='ocrx_word' id='word_1_246' title='bbox 775 2940 815 3003; x_wconf 89' lang='lat' dir='ltr'><strong>C.</strong></span> <span class='ocrx_word' id='word_1_247' title='bbox 838 2939 877 3001; x_wconf 91' lang='lat' dir='ltr'>de</span> <span class='ocrx_word' id='word_1_248' title='bbox 898 2938 1073 3004; x_wconf 80' lang='lat' dir='ltr'>irrationali</span> <span class='ocrx_word' id='word_1_249' title='bbox 1091 2955 1183 3025; x_wconf 87' lang='lat' dir='ltr'>parte</span> 
     </span>
     <span class='ocr_line' id='line_1_27' title="bbox 155 3038 1184 3123; baseline -0.002 -18"><span class='ocrx_word' id='word_1_250' title='bbox 155 3039 265 3118; x_wconf 81' lang='lat' dir='ltr'>animi,</span> <span class='ocrx_word' id='word_1_251' title='bbox 287 3041 343 3101; x_wconf 80' lang='grc' dir='ltr'>οὐδὲ</span> <span class='ocrx_word' id='word_1_252' title='bbox 362 3038 560 3119; x_wconf 68' lang='grc' dir='ltr'>πλασσόμενον</span> <span class='ocrx_word' id='word_1_253' title='bbox 578 3038 687 3116; x_wconf 75' lang='grc' dir='ltr'>ἔξωθεν,</span> <span class='ocrx_word' id='word_1_254' title='bbox 710 3040 766 3100; x_wconf 78' lang='grc' dir='ltr'>οὐδὲ</span> <span class='ocrx_word' id='word_1_255' title='bbox 787 3040 947 3121; x_wconf 78' lang='grc' dir='ltr'>τυπούμενον</span> <span class='ocrx_word' id='word_1_256' title='bbox 960 3041 1098 3123; x_wconf 76' lang='grc' dir='ltr'>ἀνάγκαις</span> <span class='ocrx_word' id='word_1_257' title='bbox 1110 3042 1184 3103; x_wconf 75' lang='grc' dir='ltr'>τισὶν</span> 
     </span>
     <span class='ocr_line' id='line_1_28' title="bbox 154 3140 1184 3225; baseline 0.002 -21"><span class='ocrx_word' id='word_1_258' title='bbox 154 3142 324 3225; x_wconf 59' lang='lat' dir='ltr'>laun-sak.</span> <span class='ocrx_word' id='word_1_259' title='bbox 361 3142 412 3203; x_wconf 92' lang='lat' dir='ltr'>De</span> <span class='ocrx_word' id='word_1_260' title='bbox 428 3140 503 3202; x_wconf 89' lang='lat' dir='ltr'>Seni</span> <span class='ocrx_word' id='word_1_261' title='bbox 519 3142 632 3225; x_wconf 82' lang='lat' dir='ltr'><strong>Remp.</strong></span> <span class='ocrx_word' id='word_1_262' title='bbox 649 3141 726 3203; x_wconf 88' lang='lat' dir='ltr'><strong>Ger.</strong></span> <span class='ocrx_word' id='word_1_263' title='bbox 749 3161 779 3225; x_wconf 90' lang='lat' dir='ltr'>p.</span> <span class='ocrx_word' id='word_1_264' title='bbox 794 3157 867 3223; x_wconf 89' lang='lat'><strong>790.</strong></span> <span class='ocrx_word' id='word_1_265' title='bbox 883 3144 931 3204; x_wconf 89' lang='lat' dir='ltr'>E:</span> <span class='ocrx_word' id='word_1_266' title='bbox 956 3147 969 3203; x_wconf 86' lang='grc' dir='ltr'><strong>ὀ</strong></span> <span class='ocrx_word' id='word_1_267' title='bbox 985 3145 1133 3217; x_wconf 72' lang='grc' dir='ltr'>πολιτικὸς</span> <span class='ocrx_word' id='word_1_268' title='bbox 1152 3147 1184 3206; x_wconf 79' lang='grc' dir='ltr'>οὐ</span> 
     </span>
     <span class='ocr_line' id='line_1_29' title="bbox 154 3239 1184 3327; baseline 0.002 -23"><span class='ocrx_word' id='word_1_269' title='bbox 154 3241 246 3327; x_wconf 73' lang='grc' dir='ltr'>λόγων</span> <span class='ocrx_word' id='word_1_270' title='bbox 259 3241 336 3325; x_wconf 85' lang='grc' dir='ltr'>μόνον</span> <span class='ocrx_word' id='word_1_271' title='bbox 350 3240 406 3303; x_wconf 73' lang='grc' dir='ltr'>οὐδὲ</span> <span class='ocrx_word' id='word_1_272' title='bbox 425 3240 597 3327; x_wconf 75' lang='grc' dir='ltr'>ὑπαγορεύων</span> <span class='ocrx_word' id='word_1_273' title='bbox 619 3239 727 3318; x_wconf 79' lang='grc' dir='ltr'>ἔξωθεν,</span> <span class='ocrx_word' id='word_1_274' title='bbox 748 3244 826 3302; x_wconf 69' lang='grc' dir='ltr'>ἀλλὰ</span> <span class='ocrx_word' id='word_1_275' title='bbox 842 3242 968 3325; x_wconf 74' lang='grc' dir='ltr'>οσρύπίυον</span> <span class='ocrx_word' id='word_1_276' title='bbox 982 3246 1021 3305; x_wconf 76' lang='grc' dir='ltr'>τὰ</span> <span class='ocrx_word' id='word_1_277' title='bbox 1041 3248 1117 3306; x_wconf 82' lang='grc' dir='ltr'>κοινοὶ</span> <span class='ocrx_word' id='word_1_278' title='bbox 1136 3239 1184 3326; x_wconf 62' lang='lat' dir='ltr'>xa)</span> 
     </span>
     <span class='ocr_line' id='line_1_30' title="bbox 150 3339 1182 3427; baseline 0.001 -19"><span class='ocrx_word' id='word_1_279' title='bbox 150 3347 269 3423; x_wconf 81' lang='grc' dir='ltr'>διοικῶν,</span> <span class='ocrx_word' id='word_1_280' title='bbox 284 3342 417 3406; x_wconf 72' lang='grc' dir='ltr'>ἐπευθύνει</span> <span class='ocrx_word' id='word_1_281' title='bbox 431 3342 476 3402; x_wconf 85' lang='grc' dir='ltr'>πδν</span> <span class='ocrx_word' id='word_1_282' title='bbox 491 3340 544 3402; x_wconf 77' lang='grc' dir='ltr'>νέον</span> <span class='ocrx_word' id='word_1_283' title='bbox 564 3341 652 3427; x_wconf 73' lang='grc' dir='ltr'>ἔργοις</span> <span class='ocrx_word' id='word_1_284' title='bbox 673 3339 735 3422; x_wconf 80' lang='grc' dir='ltr'>ἅμα</span> <span class='ocrx_word' id='word_1_285' title='bbox 756 3340 801 3420; x_wconf 70' lang='grc' dir='ltr'>κού</span> <span class='ocrx_word' id='word_1_286' title='bbox 821 3341 916 3423; x_wconf 86' lang='grc' dir='ltr'>λόγοις</span> <span class='ocrx_word' id='word_1_287' title='bbox 928 3343 1115 3425; x_wconf 71' lang='grc' dir='ltr'>σλαπίόμενον</span> <span class='ocrx_word' id='word_1_288' title='bbox 1127 3349 1182 3427; x_wconf 49' lang='grc' dir='ltr'>ἐμ,</span> 
     </span>
     <span class='ocr_line' id='line_1_31' title="bbox 154 3444 1184 3531; baseline 0.005 -24"><span class='ocrx_word' id='word_1_289' title='bbox 154 3446 256 3531; x_wconf 73' lang='grc' dir='ltr'>ψύχους</span> <span class='ocrx_word' id='word_1_290' title='bbox 282 3447 303 3531; x_wconf 69' lang='grc' dir='ltr'>ιέ1</span> <span class='ocrx_word' id='word_1_291' title='bbox 325 3444 630 3528; x_wconf 70' lang='grc' dir='ltr'>ααπαχηματιζόμενον.</span> <span class='ocrx_word' id='word_1_292' title='bbox 663 3444 776 3530; x_wconf 85' lang='lat' dir='ltr'>Gryllo</span> <span class='ocrx_word' id='word_1_293' title='bbox 800 3465 832 3528; x_wconf 89' lang='lat' dir='ltr'><strong>p.</strong></span> <span class='ocrx_word' id='word_1_294' title='bbox 848 3445 980 3528; x_wconf 85' lang='lat' dir='ltr'><strong>988.B:</strong></span> <span class='ocrx_word' id='word_1_295' title='bbox 1008 3450 1083 3526; x_wconf 83' lang='grc' dir='ltr'>ὑμεῖς</span> <span class='ocrx_word' id='word_1_296' title='bbox 1105 3453 1184 3512; x_wconf 70' lang='grc' dir='ltr'>κατὰ</span> 
     </span>
     <span class='ocr_line' id='line_1_32' title="bbox 154 3544 1184 3631; baseline 0.002 -22"><span class='ocrx_word' id='word_1_297' title='bbox 154 3546 241 3627; x_wconf 77' lang='grc' dir='ltr'>νόμων</span> <span class='ocrx_word' id='word_1_298' title='bbox 261 3547 397 3628; x_wconf 76' lang='grc' dir='ltr'>ἀνάγκην,</span> <span class='ocrx_word' id='word_1_299' title='bbox 420 3549 474 3631; x_wconf 87' lang='grc' dir='ltr'>ούχ</span> <span class='ocrx_word' id='word_1_300' title='bbox 495 3545 613 3607; x_wconf 73' lang='grc' dir='ltr'>ἑκούσιον</span> <span class='ocrx_word' id='word_1_301' title='bbox 635 3545 691 3606; x_wconf 79' lang='grc' dir='ltr'>οὐδὲ</span> <span class='ocrx_word' id='word_1_302' title='bbox 715 3544 890 3625; x_wconf 75' lang='grc' dir='ltr'>βουλομένην,</span> <span class='ocrx_word' id='word_1_303' title='bbox 912 3550 992 3608; x_wconf 70' lang='grc' dir='ltr'>ἀλλὰ</span> <span class='ocrx_word' id='word_1_304' title='bbox 1015 3548 1184 3611; x_wconf 76' lang='grc' dir='ltr'>διελεύουσαν</span> 
     </span>
     <span class='ocr_line' id='line_1_33' title="bbox 157 3644 1184 3730; baseline 0.003 -23"><span class='ocrx_word' id='word_1_305' title='bbox 157 3645 231 3707; x_wconf 80' lang='grc' dir='ltr'>ἔθεσι</span> <span class='ocrx_word' id='word_1_306' title='bbox 253 3647 274 3730; x_wconf 60' lang='grc' dir='ltr'>οὲ</span> <span class='ocrx_word' id='word_1_307' title='bbox 296 3645 393 3727; x_wconf 84' lang='grc' dir='ltr'>ψόγοις</span> <span class='ocrx_word' id='word_1_308' title='bbox 412 3645 433 3729; x_wconf 77' lang='lat' dir='ltr'>&#39;lt</span> <span class='ocrx_word' id='word_1_309' title='bbox 452 3644 540 3720; x_wconf 73' lang='grc' dir='ltr'>δόξαις</span> <span class='ocrx_word' id='word_1_310' title='bbox 562 3645 687 3722; x_wconf 72' lang='grc' dir='ltr'>ἐπήλυσι,</span> <span class='ocrx_word' id='word_1_311' title='bbox 703 3645 724 3729; x_wconf 59' lang='grc' dir='ltr'>οὲ</span> <span class='ocrx_word' id='word_1_312' title='bbox 739 3645 831 3727; x_wconf 89' lang='grc' dir='ltr'>λύγοις</span> <span class='ocrx_word' id='word_1_313' title='bbox 845 3645 1033 3726; x_wconf 78' lang='grc' dir='ltr'>οπλαπίομένην</span> <span class='ocrx_word' id='word_1_314' title='bbox 1045 3655 1184 3727; x_wconf 78' lang='grc' dir='ltr'>μελετᾶτε</span> 
     </span>
     <span class='ocr_line' id='line_1_34' title="bbox 148 3746 1183 3834; baseline 0.001 -23"><span class='ocrx_word' id='word_1_315' title='bbox 148 3746 285 3832; x_wconf 70' lang='grc' dir='ltr'>’ἂνδρεέαμ</span> <span class='ocrx_word' id='word_1_316' title='bbox 313 3747 399 3811; x_wconf 88' lang='lat' dir='ltr'>Dion</span> <span class='ocrx_word' id='word_1_317' title='bbox 417 3748 538 3834; x_wconf 67' lang='lat' dir='ltr'>Chrys?</span> <span class='ocrx_word' id='word_1_318' title='bbox 547 3749 602 3811; x_wconf 83' lang='lat' dir='ltr'>Or.</span> <span class='ocrx_word' id='word_1_319' title='bbox 617 3748 804 3810; x_wconf 90' lang='lat' dir='ltr'>LXXVlIl.</span> <span class='ocrx_word' id='word_1_320' title='bbox 820 3769 851 3831; x_wconf 92' lang='lat' dir='ltr'><strong>p.</strong></span> <span class='ocrx_word' id='word_1_321' title='bbox 863 3747 1003 3831; x_wconf 84' lang='lat' dir='ltr'><strong>657··A:</strong></span> <span class='ocrx_word' id='word_1_322' title='bbox 1026 3747 1057 3811; x_wconf 82' lang='grc' dir='ltr'>τί</span> <span class='ocrx_word' id='word_1_323' title='bbox 1069 3747 1103 3812; x_wconf 66' lang='grc' dir='ltr'>ἂν</span> <span class='ocrx_word' id='word_1_324' title='bbox 1116 3750 1183 3830; x_wconf 73' lang='grc' dir='ltr'>φαίη</span> 
     </span>
     <span class='ocr_line' id='line_1_35' title="bbox 154 3848 1184 3935; baseline 0.004 -23"><span class='ocrx_word' id='word_1_325' title='bbox 154 3875 197 3922; x_wconf 86' lang='grc' dir='ltr'>πις</span> <span class='ocrx_word' id='word_1_326' title='bbox 220 3851 265 3910; x_wconf 77' lang='lat' dir='ltr'>riu</span> <span class='ocrx_word' id='word_1_327' title='bbox 289 3848 395 3931; x_wconf 84' lang='grc' dir='ltr'>ὑπό-γε</span> <span class='ocrx_word' id='word_1_328' title='bbox 417 3848 581 3932; x_wconf 73' lang='grc' dir='ltr'>ἀνθρωπίνης</span> <span class='ocrx_word' id='word_1_329' title='bbox 601 3849 676 3925; x_wconf 73' lang='grc' dir='ltr'>δόξης</span> <span class='ocrx_word' id='word_1_330' title='bbox 695 3848 880 3930; x_wconf 76' lang='grc' dir='ltr'>οτλαπίόμενον</span> <span class='ocrx_word' id='word_1_331' title='bbox 901 3851 922 3934; x_wconf 59' lang='grc' dir='ltr'>οὲ</span> <span class='ocrx_word' id='word_1_332' title='bbox 944 3851 1184 3935; x_wconf 73' lang='grc' dir='ltr'>δημιουργούμενον</span> 
     </span>
     <span class='ocr_line' id='line_1_36' title="bbox 81 3946 1184 4039; baseline 0.004 -27"><span class='ocrx_word' id='word_1_333' title='bbox 81 3982 84 3987; x_wconf 95' lang='grc'><strong><em>·</em></strong></span> <span class='ocrx_word' id='word_1_334' title='bbox 147 3946 215 4028; x_wconf 75' lang='grc' dir='ltr'>βίον</span> <span class='ocrx_word' id='word_1_335' title='bbox 235 3975 266 4011; x_wconf 85' lang='grc' dir='ltr'>τε</span> <span class='ocrx_word' id='word_1_336' title='bbox 287 3949 309 4034; x_wconf 55' lang='grc' dir='ltr'>νδ</span> <span class='ocrx_word' id='word_1_337' title='bbox 331 3947 432 4034; x_wconf 71' lang='grc' dir='ltr'>ἄνδρας</span> <span class='ocrx_word' id='word_1_338' title='bbox 460 3949 556 4014; x_wconf 86' lang='lat' dir='ltr'>Verbi</span> <span class='ocrx_word' id='word_1_339' title='bbox 578 3950 716 4011; x_wconf 79' lang='grc' dir='ltr'>ἁνελίπίειν</span> <span class='ocrx_word' id='word_1_340' title='bbox 730 3950 775 4012; x_wconf 88' lang='lat' dir='ltr'>vis</span> <span class='ocrx_word' id='word_1_341' title='bbox 788 3951 843 4027; x_wconf 89' lang='lat' dir='ltr'>est,</span> <span class='ocrx_word' id='word_1_342' title='bbox 865 3950 1065 4036; x_wconf 81' lang='lat' dir='ltr'>complicatum</span> <span class='ocrx_word' id='word_1_343' title='bbox 1086 3952 1184 4039; x_wconf 80' lang='lat' dir='ltr'>expli-</span> 
     </span>
     <span class='ocr_line' id='line_1_37' title="bbox 149 4048 1184 4136; baseline 0.006 -24"><span class='ocrx_word' id='word_1_344' title='bbox 149 4073 234 4126; x_wconf 78' lang='grc' dir='ltr'>σσιέ,</span> <span class='ocrx_word' id='word_1_345' title='bbox 249 4049 428 4134; x_wconf 79' lang='lat' dir='ltr'>implicatum</span> <span class='ocrx_word' id='word_1_346' title='bbox 449 4048 601 4135; x_wconf 80' lang='lat' dir='ltr'>replicare,</span> <span class='ocrx_word' id='word_1_347' title='bbox 622 4049 718 4134; x_wconf 83' lang='lat' dir='ltr'>idque</span> <span class='ocrx_word' id='word_1_348' title='bbox 732 4050 765 4112; x_wconf 92' lang='lat' dir='ltr'>in</span> <span class='ocrx_word' id='word_1_349' title='bbox 787 4065 958 4135; x_wconf 86' lang='lat' dir='ltr'>utramque</span> <span class='ocrx_word' id='word_1_350' title='bbox 971 4064 1108 4136; x_wconf 86' lang='lat' dir='ltr'>partem,</span> <span class='ocrx_word' id='word_1_351' title='bbox 1124 4055 1184 4120; x_wconf 90' lang='lat' dir='ltr'>five</span> 
     </span>
     <span class='ocr_line' id='line_1_38' title="bbox 149 4148 1183 4238; baseline 0.002 -23"><span class='ocrx_word' id='word_1_352' title='bbox 149 4151 249 4227; x_wconf 82' lang='lat' dir='ltr'>bene,</span> <span class='ocrx_word' id='word_1_353' title='bbox 264 4150 322 4212; x_wconf 78' lang='lat' dir='ltr'>five</span> <span class='ocrx_word' id='word_1_354' title='bbox 336 4149 435 4212; x_wconf 81' lang='lat' dir='ltr'>secus.</span> <span class='ocrx_word' id='word_1_355' title='bbox 470 4148 522 4211; x_wconf 87' lang='lat' dir='ltr'>Sic</span> <span class='ocrx_word' id='word_1_356' title='bbox 538 4149 623 4234; x_wconf 92' lang='lat' dir='ltr'><strong>Opp.</strong></span> <span class='ocrx_word' id='word_1_357' title='bbox 640 4151 725 4212; x_wconf 90' lang='lat' dir='ltr'>Mor.</span> <span class='ocrx_word' id='word_1_358' title='bbox 741 4170 773 4234; x_wconf 90' lang='lat' dir='ltr'><strong>p.</strong></span> <span class='ocrx_word' id='word_1_359' title='bbox 790 4151 861 4231; x_wconf 90' lang='lat'><strong>167.</strong></span> <span class='ocrx_word' id='word_1_360' title='bbox 874 4151 911 4212; x_wconf 91' lang='grc' dir='ltr'>Β.</span> <span class='ocrx_word' id='word_1_361' title='bbox 934 4170 1008 4235; x_wconf 83' lang='lat'><strong>925.</strong></span> <span class='ocrx_word' id='word_1_362' title='bbox 1025 4152 1063 4216; x_wconf 93' lang='grc' dir='ltr'>Β.</span> <span class='ocrx_word' id='word_1_363' title='bbox 1089 4169 1183 4238; x_wconf 86' lang='lat'><strong>1015.</strong></span> 
     </span>
     <span class='ocr_line' id='line_1_39' title="bbox 153 4249 1182 4342; baseline 0.001 -26"><span class='ocrx_word' id='word_1_364' title='bbox 153 4252 198 4316; x_wconf 85' lang='lat' dir='ltr'><strong>A.</strong></span> <span class='ocrx_word' id='word_1_365' title='bbox 224 4252 317 4316; x_wconf 87' lang='lat'><strong>1026.</strong></span> <span class='ocrx_word' id='word_1_366' title='bbox 331 4252 373 4313; x_wconf 78' lang='lat' dir='ltr'><strong>E.</strong></span> <span class='ocrx_word' id='word_1_367' title='bbox 400 4249 468 4315; x_wconf 89' lang='lat' dir='ltr'>Vit.</span> <span class='ocrx_word' id='word_1_368' title='bbox 482 4270 517 4335; x_wconf 91' lang='lat' dir='ltr'><strong>p.</strong></span> <span class='ocrx_word' id='word_1_369' title='bbox 531 4265 583 4332; x_wconf 86' lang='lat'><strong>70.</strong></span> <span class='ocrx_word' id='word_1_370' title='bbox 599 4249 642 4314; x_wconf 89' lang='lat' dir='ltr'><strong>A.</strong></span> <span class='ocrx_word' id='word_1_371' title='bbox 671 4249 822 4315; x_wconf 78' lang='lat' dir='ltr'>Aristides</span> <span class='ocrx_word' id='word_1_372' title='bbox 835 4252 873 4317; x_wconf 79' lang='lat' dir='ltr'><strong>T.</strong></span> <span class='ocrx_word' id='word_1_373' title='bbox 884 4251 911 4314; x_wconf 95' lang='lat' dir='ltr'><strong>I.</strong></span> <span class='ocrx_word' id='word_1_374' title='bbox 923 4271 958 4336; x_wconf 89' lang='lat' dir='ltr'><strong>p.</strong></span> <span class='ocrx_word' id='word_1_375' title='bbox 969 4269 1044 4338; x_wconf 77' lang='lat'><strong>235.</strong></span> <span class='ocrx_word' id='word_1_376' title='bbox 1069 4255 1113 4320; x_wconf 90' lang='lat'><strong>11.</strong></span> <span class='ocrx_word' id='word_1_377' title='bbox 1130 4270 1182 4342; x_wconf 85' lang='lat'><strong>79.</strong></span> 
     </span>
    </p>
   </div>
   <div class='ocr_carea' id='block_1_3' title="bbox 0 0 1359 4770">
    <p class='ocr_par' dir='ltr' id='par_1_4' title="bbox 0 0 1359 4770">
     <span class='ocr_line' id='line_1_40' title="bbox 0 0 1359 4770; baseline 0 0"><span class='ocrx_word' id='word_1_378' title='bbox 0 0 1359 4770; x_wconf 95' lang='lat' dir='ltr'> </span> 
     </span>
    </p>
   </div>
  </div>
 </body>
</html>
