2692 4770
97 1089 100 1093 ⁴
226 1059 254 1125 Ε

222 283 303 347 neo
412 286 452 347 D.
463 283 514 347 W.
535 283 745 347 ANIMADV.
766 285 813 346 m
833 280 1069 347 enormem

226 447 269 528 C,
285 450 339 516 D:
363 456 460 536 atque
477 448 524 515 ita
543 449 641 515 etiam
664 449 730 515 sere
749 451 897 537 prebent
916 408 980 515 hoe
1000 446 1075 514 loco
1088 444 1221 514 eodieet
1233 443 1268 511 J.

225 546 344 613 Venet.
364 548 454 613 Harl.
489 549 636 614 Alteram
648 548 727 616 dieti
747 562 871 637 partem
895 548 949 614 hie
971 545 1117 614 omiffam
1138 566 1268 611 memo·

226 648 305 714 ravit
321 649 511 716 Plutarchus
533 673 568 737 p.
587 671 659 738 190.
673 654 713 717 Ε.
732 664 767 716 et
784 670 856 734 141.
870 651 925 717 Dr
948 650 1004 716 ubi
1025 648 1120 738 plum
1140 643 1268 715 notavi·

226 772 345 940 mido.
360 854 404 920 Α.
426 854 482 941 β’.]
510 858 559 921 Ex
573 856 651 921 Vua
664 855 819 946 Lysandri
832 878 866 944 p.
879 872 955 943 437.
970 855 1015 921 A.

269 975 343 1045 229.
360 958 399 1023 Β.
420 955 477 1044 72]
505 957 653 1025 indidem
676 981 710 1047 p.
730 973 807 1044 437.
832 959 885 1024 A:
918 955 1102 1024 notavimus
1129 975 1165 1041 p.
1192 971 1265 1039 r9o

257 1179 344 1246 .229.
361 1161 401 1227 B.
423 1159 472 1248 8‘.]
498 1161 648 1228 Indidem
669 1185 702 1249 p.
715 1179 791 1249 437.
809 1163 851 1228 C.
887 1161 980 1228 Alios
994 1156 1173 1249 Lysandro,
1188 1155 1267 1222 atim

226 1262 377 1350 Philippo
399 1264 575 1329 Macedoni
595 1265 735 1331 tribuere
754 1265 817 1330 hoc
835 1263 971 1342 didam,
995 1258 1101 1327 narrat
1116 1258 1267 1326 AElianue

224 1367 303 1430 Var.
322 1365 402 1430 Hist.
418 1367 498 1432 v11.
518 1385 568 1433 12.
603 1366 759 1457 Dionysio
773 1381 911 1457 tyranno
924 1365 1058 1453 affignat
1072 1361 1265 1430 Plutarchus

224 1466 275 1531 De
291 1469 378 1532 Fort.
394 1466 490 1533 Alex.
512 1489 546 1555 p.
560 1487 638 1554 330.
653 1470 693 1533 E.
716 1489 820 1556 eoque
840 1467 929 1533 disto
950 1487 1023 1554 pare
1040 1465 1167 1531 hauno
1189 1464 1264 1551 sup·

223 1567 342 1654 plenda
362 1570 405 1633 est
427 1569 623 1657 Symposiae.
648 1571 709 1636 IX.
729 1591 764 1658 p.
779 1589 854 1656 741.
869 1571 908 1635 B.
941 1569 1010 1634 Sub
1023 1566 1183 1657 Lysandri
1203 1588 1263 1632 no·

223 1668 312 1734 mine
332 1669 432 1736 habet
454 1692 583 1758 quoque
608 1671 674 1738 Dio
696 1673 812 1761 Chrys.
834 1673 892 1738 Or.
915 1672 1037 1736 LXIV.
1060 1691 1094 1757 p.
1110 1671 1189 1751 640.
1211 1667 1262 1737 Cr

221 1774 269 1837 riu
281 1775 309 1837 δὲ
323 1773 481 1861 Λύσανδρον
497 1775 543 1839 τὸν
562 1774 778 1859 Λακεδαιμόνιον
798 1775 910 1861 γνώμην
930 1770 1115 1861 ἂιοφῄναθιᾳ
1129 1770 1263 1858 λέγων,

222 1874 264 1940 dn
277 1878 339 1953 τοὺς
352 1877 403 1962 μὶν
420 1881 529 1954 madar
548 1879 726 1967 ᾰςςαγίιλονς
748 1876 794 1957 καὶ
811 1877 943 1965 σφαίραις
965 1880 1108 1963 ὶξαπατᾷν
1128 1877 1181 1955 δεῖ,
1202 1877 1264 1951 τοὺς

134 1972 141 1983 ’
221 1977 368 2064 Μνδμας
390 1977 477 2067 ὅρκοις
499 1981 547 2043 καὶ
566 1980 724 2068 χρήμασιν.
759 1978 917 2067 Spediaffe
933 1977 1059 2043 videtur
1071 1975 1264 2055 Aroefilm,

221 2080 262 2146 de
284 2102 349 2168 quo
370 2080 536 2170 Diogenes
560 2082 708 2148 Laertius
729 2084 789 2148 lv.
803 2102 866 2169 342
889 2083 1007 2172 -ννςδς
1027 2083 1075 2147 τὸν
1092 2083 1264 2170 θρασύτερον

219 2183 414 2268 διαλεγὸμων
434 2183 584 2264 νεανίσκον,
606 2187 651 2248 Οὐ
674 2184 799 2263 nidera!
816 2210 870 2265 τις,
896 2185 958 2268 ἔφη,
977 2190 1072 2249 roim
1088 2181 1262 2271 ἇςμαγᾶλφ,

221 2283 385 2349 Caeterum
401 2306 460 2370 pro
474 2285 707 2369 ἀπομεμφομένων
720 2285 814 2373 cnjus
827 2305 931 2351 uuum
951 2286 1014 2352 hoo
1034 2285 1138 2351 fertur
1150 2305 1261 2350 exem·

220 2386 324 2473 plum,
347 2386 457 2452 malim
479 2387 712 2472 ἐπιμεμφομίνων.
748 2387 934 2468 Gatakerue
955 2387 997 2454 ad
1016 2388 1068 2454 M.
1080 2390 1165 2453 Ant.
1185 2391 1214 2452 1.
1227 2387 1262 2453 8·

220 2504 254 2575 r·
271 2509 303 2574 9·
320 2489 399 2569 ab.
1093 2530 1097 2537 -

263 2610 337 2678 229.
347 2594 385 2658 B.
402 2591 449 2676 r‘.]
476 2595 522 2656 Ex
545 2592 622 2657 Vita
637 2591 791 2680 Lysandri
805 2615 839 2679 p.
850 2613 927 2676 441.
943 2593 981 2658 B.
1015 2590 1139 2658 Retulit
1160 2591 1258 2657 Valc-

219 2694 371 2760 kenarius
386 2694 425 2758 ad
440 2694 606 2759 Theocriti
621 2696 782 2761 Adoniaz.
798 2695 935 2783 Digress.
954 2697 998 2760 II.
1016 2717 1049 2781 p.
1064 2696 1139 2780 258.

263 2815 336 2882 229.
353 2795 393 2859 C.
416 2795 467 2880 52]
495 2796 642 2863 Indidem·
655 2821 687 2885 p.
701 2813 779 2883 445.
796 2797 838 2877 C,
851 2798 895 2863 D.
924 2796 1118 2864 Notavimus
1134 2818 1168 2885 p.
1185 2816 1259 2882 190.

262 3014 336 3082 229.
353 2997 394 3061 C.
418 2996 472 3082 ζ’.]
500 2997 647 3063 Indidem
663 3021 696 3085 p.
710 3015 787 3085 445.
802 3001 847 3065 D.

260 3120 334 3186 229.
351 3101 392 3166 C.
414 3100 466 3185 r'.]
491 3101 640 3167 indidem
656 3124 689 3190 p.
701 3120 779 3189 445.
795 3104 839 3170 D.
871 3102 1203 3190 Notavimus-prom
1220 3105 1258 3168 Ε

218 3223 272 3290 71.
288 3205 328 3267 E.

261 3330 334 3396 229.
350 3310 396 3374 D.
418 3308 473 3392 est]
499 3308 646 3373 Indidem
674 3330 708 3395 p.
727 3324 803 3394 445.
824 3308 869 3374 D.
906 3307 1101 3373 Notavimus
1127 3331 1160 3397 p.
1186 3330 1257 3397 190.

259 3534 335 3602 229.
350 3516 396 3580 D.
420 3513 464 3599 ι’.]
490 3513 672 3580 Antalcidae
688 3513 841 3579 tribuitur
854 3535 887 3600 p.
904 3529 978 3597 217.
995 3511 1036 3578 C.
1052 3512 1093 3578 α’.

262 3636 335 3704 229.
352 3618 392 3680 Ε.
416 3617 482 3702 νγ’.]
509 3620 545 3681 ln
562 3615 653 3680 fimili
672 3615 912 3680 acumine'sunt
934 3615 1020 3680 dicia
1034 3615 1066 3681 in
1083 3618 1258 3684 Sententiis

215 3720 342 3786 Anton.
358 3730 392 3783 et
407 3719 544 3783 Maxim.
564 3740 598 3805 p.
619 3733 695 3805 259.
713 3733 769 3802 47.
793 3731 827 3783 et
841 3716 927 3783 idem
954 3717 1105 3784 Chabrire
1130 3742 1165 3808 p.
1182 3723 1257 3788 261,

214 3841 270 3909 33.
308 3822 391 3884 Item
407 3820 545 3898 ξενύλλιον
560 3820 602 3885 est
622 3842 655 3906 p.
674 3839 747 3902 240.
763 3820 808 3884 D.

258 3945 332 4011 229.
346 3923 385 3986 Ε.
409 3921 466 4007 rs]
496 3924 544 3986 Ex
567 3922 645 3987 Vna
667 3920 823 4011 Lysandri
844 3943 878 4009 p.
893 3938 970 4006 447.
987 3921 1028 3986 C.
1055 3922 1144 4010 sequ.
1165 3937 1201 3990 et
1222 3946 1254 4012 p.

213 4039 289 4111 450.
317 4028 353 4090 F.
378 4046 418 4088 ex
442 4023 596 4111 Ephoro:
626 4025 774 4090 eamdem
795 4047 862 4089 rem
885 4026 983 4089 refert
1008 4025 1199 4094 Plutarchus
1224 4030 1256 4092 iu

213 4128 292 4193 Vita
317 4126 454 4214 Agesilai
479 4148 511 4212 p.
527 4129 602 4192 606.
621 4129 658 4191 E.
681 4126 767 4192 unde
788 4128 956 4192 transsatus
971 4128 1014 4193 est
1033 4129 1127 4196 locus
1150 4130 1182 4196 in
1205 4132 1254 4199 A·

212 4228 352 4319 pophth.
366 4228 437 4318 ejus
451 4228 506 4312 νβ.
521 4251 556 4318 p.
571 4248 646 4298 212.
662 4230 705 4296 C.
720 4234 930 4319 Εὐρυπωντιδῶν
942 4244 980 4298 ut
995 4250 1100 4300 veram
1114 4233 1252 4299 sonuum
