2692 4770
209 316 270 385 940
400 310 440 372 n.
451 311 502 372 w.
519 314 726 397 Auruncu.
747 314 794 374 m
815 313 1045 376 rnurnucru

198 471 341 557 statuunt
354 486 382 538 ct
394 473 472 539 vinc
491 482 639 541 coronarit.
675 476 791 542 Sumsit
812 475 952 542 universe
973 476 1015 540 ab
1032 476 1177 540 Homero
1197 473 1239 542 ll.

211 575 256 639 A.
270 578 354 662 469:
378 581 474 663 Airclp
493 576 547 641 ίιιεδ
568 578 669 653 στάσιος
688 577 735 656 καί
754 578 857 657 δδητιίος
872 581 903 656 ἒξ
919 577 975 665 ἔρον
989 577 1059 657 im,
1074 582 1173 664 Κοῦροι
1187 577 1240 660 pic

210 681 342 761 κρητῆρας
364 676 531 753 ὅσος-δίαιτα
555 681 664 742 ποιοῖο·
695 678 748 744 cui
772 690 917 742 craterum
939 678 1006 742 vini
1027 678 1171 743 coronatio
1193 678 1240 742 nil

208 775 253 838 est
271 774 324 839 nisr
341 775 475 862 impletus
488 790 595 857 crater,
610 790 644 842 us
660 778 765 843 vinum
775 779 874 867 supra
885 781 1034 864 summum
1046 803 1138 859 oram,
1154 780 1241 867 qmfi

208 892 326 954 corona,
347 875 456 961 casson
476 878 636 944 videatur.-
665 893 700 945 at
719 878 857 966 Virgilio
878 879 921 945 est
943 880 1070 966 proprie
1093 881 1238 945 coronatio

128 1042 133 1057 ,
208 977 341 1059 materis,
354 1000 451 1065 quaro
474 1002 492 1045 e
514 982 702 1046 Graecorum
722 981 789 1066 post
808 979 966 1045 heroicam
987 993 1116 1045 aetatem
1138 980 1236 1045 mori-

207 1077 269 1143 buc
290 1080 428 1165 accepit,
449 1094 487 1145 ut
508 1080 584 1145 item
607 1081 800 1146 discubitum
821 1081 1022 1146 convivarum
1044 1095 1078 1147 et
1099 1082 1237 1147 amotio·

207 1200 282 1245 nem
303 1181 504 1247 mensarum:
532 1204 611 1268 quas
628 1183 754 1269 proprie
775 1183 897 1248 mensas
918 1183 1011 1269 ipsas,
1032 1205 1092 1249 nec
1109 1196 1238 1250 tantum
1331 1270 1335 1275 ι

206 1279 316 1368 dapes,
331 1282 553 1370 intelligendae
567 1285 638 1364 esse,
655 1298 694 1351 ut
710 1284 812 1352 voluit
829 1285 945 1365 Cerda,
968 1285 1069 1350 nostra
1088 1285 1237 1351 animod-

206 1382 301 1447 verso
315 1383 462 1450 ostendit.
1031 1415 1035 1425 ·

215 1498 218 1505 '
254 1497 326 1567 150.
340 1485 385 1548 D.
408 1490 430 1547 ci
443 1490 520 1571 παρὰ
533 1483 661 1561 Σκύθαις
674 1484 831 1574 αὐλητρίδες
845 1488 924 1572 εἰσίν]
949 1484 1132 1552 Aristoteles
1145 1488 1237 1551 Ana·

207 1572 296 1670 lytic.
318 1585 396 1649 Post.
418 1586 444 1650 Ι.
462 1605 580 1650 12.11.
603 1589 669 1652 Οίσν
691 1591 723 1651 ri
744 1595 791 1652 rori
812 1589 1027 1674 Ἀναχάρσιδος,
1051 1587 1090 1650 irc
1109 1592 1135 1651 ἐν
1155 1588 1237 1652 Erui-

204 1689 271 1760 θαις
290 1683 340 1748 οὖν
361 1689 427 1749 εἰσιν
448 1686 615 1772 αὐλητρίδες,
635 1689 692 1750 otili
705 1692 765 1776 γάρ
780 1687 911 1771 άμσιλοι,
931 1702 1102 1753 annotatus
1116 1701 1150 1752 et
1164 1689 1236 1774 Xy-

205 1786 330 1851 lundro.
354 1786 519 1874 Diogenes
532 1788 678 1853 Laertius
694 1792 721 1853 1.
740 1809 821 1871 104:
847 1792 987 1878 ἐρωτηθείς
1006 1794 1033 1874 (ὁ
1045 1790 1235 1877 Ἀνάχαρσις)

205 1887 233 1952 ci
244 1893 310 1952 clerc
330 1893 356 1952 ιἰν
371 1889 498 1964 Σκύθαις
515 1890 598 1954 αὐλοί
605 1917 615 1971 ;
638 1890 720 1971 οίιιιν,
733 1893 818 1954 Ἀλλ’
833 1893 878 1956 tlt
892 1890 1023 1974 οίμιιιλιι.
1054 1891 1238 1956 Eustathiuc

205 1987 246 2054 ad
262 1989 300 2054 ll.
315 1991 358 2056 Α.
382 2012 416 2076 p.
432 2010 491 2057 22:
513 1992 598 2065 -ἔςι
618 1996 721 2057 πολλοὶ
739 2000 856 2056 τοιαῦτα
877 1991 972 2079 wippo
993 1991 1071 2055 alm
1089 1996 1167 2079 παρά
1179 1995 1237 2065 τοῖς

205 2094 344 2164 παλαιοῖς·
369 2089 405 2154 οἷν
420 2092 449 2154 δν
466 2091 559 2172 καδσδ
572 2099 609 2155 τῦ
621 2093 836 2180 Ἀναχάρσιδος·
858 2091 885 2168 δς
899 2093 1039 2176 δροσινρνίς
1052 2095 1096 2156 διά
1109 2092 1139 2155 τί
1150 2096 1239 2176 παροδ

204 2192 331 2265 Σκύθαις
353 2190 401 2255 οὔκ
419 2196 485 2255 εἰσιν
503 2191 639 2273 «iltuit
662 2192 743 2273 ιίπεν,
764 2192 844 2257 Arici
864 2194 922 2257 ciiii
943 2191 1075 2275 ἄμπελοι.
1112 2184 1236 2259 Eoilem

204 2281 353 2377 speciavit
371 2294 485 2357 Strabo
506 2295 579 2360 XV.
602 2316 634 2381 p.
653 2314 745 2380 1017.
762 2295 810 2360 C:
834 2295 875 2360 de
898 2295 990 2360 India
1014 2294 1163 2375 scribens,
1181 2292 1236 2368 δίςι

204 2397 271 2476 μηδὲ
285 2397 370 2459 αὖλδν
383 2395 460 2474 cim,
475 2401 551 2459 κατὰ
563 2399 609 2461 τδν
625 2398 811 2486 Ἀνάχαρσιν.

251 2515 322 2581 150.
337 2499 375 2560 E.
397 2496 535 2583 προέμενοι
550 2500 587 2560 τὰ
602 2495 715 2583 respic,
731 2499 870 2586 χροίμονοι
883 2501 938 2573 τοῖς
953 2497 1051 2583 ὀνείοις]
1077 2499 1129 2563 De
1148 2495 1236 2563 tibiis

203 2619 242 2661 ex
265 2596 391 2663 hinnuli
412 2599 474 2662 osse
496 2598 587 2662 factis
608 2599 786 2663 Athenaeus
807 2601 849 2664 V.
873 2623 906 2686 p.
925 2601 995 2665 182.
1011 2602 1050 2663 Ε.
1087 2599 1233 2685 Spanhe·

203 2700 289 2764 mius
307 2699 346 2763 ad
368 2699 496 2764 Callim.
520 2702 565 2764 H.
581 2700 677 2764 Dian.
694 2717 767 2782 244.
798 2703 946 2767 Kuslerus
960 2700 1001 2765 ad
1015 2700 1234 2787 Aristophanis

202 2800 344 2866 Acbam.
362 2802 434 2887 863.
470 2803 522 2865 De
543 2802 697 2866 asinorum
719 2803 834 2867 offibus
852 2803 882 2867 ei
905 2802 975 2866 usui
995 2802 1144 2866 adhibitis
1168 2801 1233 2866 Pli-

202 2900 275 2965 nius
290 2904 335 2965 H.
352 2902 395 2964 N.
412 2904 471 2965 Xl.
488 2904 526 2985 87
541 2928 549 2965 ι
573 2903 717 2986 cstnomm
732 2904 790 2990 offic
804 2903 848 2966 cd
861 2902 950 2966 tibias
964 2927 1082 2967 canora.

246 3017 319 3085 150.
336 2990 374 3065 E.
410 3000 571 3066 Κλεάάιιλον
597 3010 612 3080 ἡ
637 3006 709 3089 πρὸς
729 3006 776 3066 ric
800 3004 923 3088 Φρύγιον
944 3003 1235 3091 σιδῶν-κρούσεως]

199 3105 308 3167 Teneo
330 3101 435 3167 adbuc
456 3102 611 3166 tutionem
635 3103 666 3166 in
690 3102 921 3168 Emendatione
944 3103 1114 3190 proditam,
1140 3119 1177 3169 ut
1199 3104 1232 3166 in

199 3206 295 3269 rebus
310 3203 494 3291 hujusmodi
515 3205 724 3289 probabilem,
747 3226 841 3291 parva
862 3218 1062 3270 tamencum
1077 3207 1232 3271 mutatio-

201 3327 264 3371 ne:
289 3304 462 3383 Κλοοάνλίνη
474 3308 538 3391 ιιρδς
553 3308 599 3369 τδν
612 3306 735 3394 Φρύγιον
749 3309 833 3371 alib
845 3308 966 3393 ᾐνίξατο,
982 3306 1151 3395 Νιάρογίνος
1166 3312 1232 3387 κνή-

199 3434 238 3489 μη
254 3405 420 3499 ιιιρασάάλον
437 3403 488 3481 δας
502 3406 551 3483 ἧσο
565 3407 642 3470 ἕκατι
658 3408 789 3495 κράσεως·
814 3407 860 3472 ita
872 3423 911 3473 ut
925 3407 1069 3494 proxima
1081 3409 1233 3496 deinceps

200 3508 252 3582 σ’ίςι
266 3510 461 3593 θαυμάζοιν-
477 3509 535 3572 srnt
549 3509 660 3595 AEsopi
674 3508 807 3575 dictum.
841 3509 973 3575 Sensum
989 3509 1035 3573 ita
1048 3509 1209 3575 reddimus
1223 3536 1231 3574 ε
1279 3574 1283 3587 ,

201 3608 375 3674 cleobulina
396 3610 433 3672 dc
455 3609 590 3696 Phrygia
613 3610 686 3672 tibia
698 3609 780 3695 fecis
798 3611 931 3696 aenigmu
947 3612 1009 3689 hoc,
1035 3617 1059 3650 “
1076 3610 1234 3674 Hinrrulco

199 3722 225 3756 “
240 3714 316 3777 tibia
326 3713 442 3800 placuit
454 3713 542 3776 ἄνισα
556 3711 626 3776 auri
638 3726 758 3799 propter
772 3712 894 3792 ititcm,''
916 3712 1025 3797 ᾐνίξατο
1039 3712 1233 3798 suscepimus

197 3838 238 3881 ex
251 3816 351 3900 ἤρξατο
364 3813 447 3878 varia
461 3813 598 3878 leciione
611 3813 773 3891 codicum,
787 3811 974 3899 quibuscum
991 3813 1056 3878 sere
1073 3815 1233 3880 consentit

197 3916 291 3983 Harl.
309 3937 338 3980 1.
361 3915 440 3980 dane
460 3915 538 3980 item
559 3937 655 4002 parvo
676 3914 855 3979 discrimine
875 3915 970 3992 ἧξατο.
1014 3915 1066 3980 Sic
1081 3915 1233 3998 αἰνίτίεθας

196 4021 267 4105 σορός
283 4045 309 4081 τι
322 4017 471 4082 dixerunt
484 4030 518 4080 ct
531 4016 584 4080 alii
597 4031 631 4081 et
646 4015 834 4081 Plutarchus
850 4016 895 4079 ll.
910 4037 943 4100 p.
956 4032 1029 4099 727.
1041 4017 1086 4080 D.
1112 4021 1139 4081 l.
1157 4021 1230 4084 166.

197 4122 236 4185 E.
274 4120 383 4196 Porro,
396 4115 559 4199 θαυμάζοι,
575 4116 653 4203 quin
667 4138 706 4180 ex
720 4115 865 4201 proximo
881 4131 1001 4180 temere
1015 4116 1164 4185 iteratum
1180 4121 1230 4199 sit,

198 4242 294 4288 nemo
317 4220 447 4285 adrem
471 4218 640 4285 attendens
663 4219 801 4287 dubitet.
834 4220 917 4287 Tum
937 4217 997 4299 icc,
1019 4219 1190 4300 debellavit,
1210 4243 1232 4284 a
