2692 4770
277 333 582 399 anormalam.
595 334 647 396 ΕΤ
660 334 755 399 DUC.
776 354 805 415 p.
820 332 973 407 iaaac
1060 336 1136 407 roos

106 494 164 577 χῇν
177 495 350 583 γνωρίζεσθαι
368 496 517 581 sapsam,
535 501 567 562 ri
587 499 614 561 δὲ
636 500 686 562 οὖν
702 495 789 584 μέχρι
808 502 856 561 σοῦ
873 500 922 574 τὴν
938 494 1017 572 δόξαν
1031 491 1135 570 imm.
1269 575 1271 579 .

102 590 163 659 Ἦν
176 601 234 681 γὰρ
248 603 261 661 ὁ
274 600 430 687 Ἰφικράτης
440 604 471 665 ἐκ
485 599 599 666 caulius
609 600 740 685 γεγονώς·
745 597 940 684 -reliquam
953 593 1050 682 hujus
1062 615 1135 659 nar·

108 696 240 763 rationis
262 713 384 784 partem
404 702 610 789 apposuimus
626 701 669 766 ad
687 700 726 766 α’.
763 701 814 764 De
836 699 896 765 hac
916 697 1059 764 oratione
1077 695 1136 759 srva

105 799 206 884 Lyfiae
226 801 284 866 five
304 801 485 886 Iphicratis,
507 817 594 869 certe
615 804 656 868 ab
676 801 837 889 Iphicrate
857 800 952 880 dista,
971 798 1027 886 qui
1044 795 1137 884 plura

104 901 297 985 cognoscere
326 904 461 985 student,
489 929 528 970 ca
552 918 664 991 petant
685 905 726 971 ab
749 907 782 971 J.
808 902 946 990 Tayloro
967 900 1008 967 ad
1032 898 1134 988 Lyfioe

104 1000 232 1088 Fragm.
249 1025 283 1089 p.
294 1007 369 1090 637.
384 1020 418 1071 et
431 1007 495 1093 seq.
528 1007 582 1072 Ad
596 1006 743 1074 eamdem
755 1005 1008 1072 confutationem
1024 1021 1133 1088 reprc-

103 1098 210 1167 heusae
235 1104 445 1191 ignobilitatis
469 1108 632 1193 pertinent
652 1107 737 1175 dista
757 1105 928 1192 Iphicratis
947 1101 1035 1189 apud
1054 1098 1132 1167 Ari·

102 1199 245 1268 stotelem
263 1204 358 1271 Rhet.
374 1209 402 1271 I.
416 1223 448 1290 7.
463 1211 494 1272 8.
516 1221 550 1272 et
563 1207 751 1275 nominatim
775 1209 820 1273 ll.
837 1225 875 1292 23
892 1230 901 1269 ε
925 1203 971 1286 καὶ
984 1205 1018 1278 ait
1032 1209 1046 1266 ὅ
1060 1204 1131 1286 ’19¹-

99 1302 214 1385 κράτης·
238 1304 280 1369 ὅτι
300 1309 490 1390 γενναιότατος
510 1314 524 1372 ὅ
543 1307 682 1389 βίλτιςος·
705 1308 752 1390 καὶ
765 1312 823 1395 γὰρ
835 1306 971 1393 Ἁρμοδίῳ
984 1305 1007 1392 al,
1019 1307 1133 1391 Ἀρῑςῦ·

100 1403 202 1489 γείτονι
224 1409 296 1470 οὐδὲν
316 1409 450 1496 πρότερον
471 1416 576 1496 ιἰιῆρχε
597 1415 719 1495 γενναῖον
738 1411 807 1496 πρὶν
821 1407 942 1494 γενναῖόν
961 1432 989 1471 τι
1009 1408 1130 1494 orgiis(

100 1503 147 1584 noi
161 1505 201 1569 dri
215 1509 401 1596 σογῐινίςιρος
421 1511 513 1589 αὑτός·
537 1515 575 1575 τοὶ
596 1519 662 1597 γοῦν
678 1511 749 1599 ἔργα
762 1507 939 1595 triplaris-spei
959 1513 1001 1582 ὶςι
1019 1512 1059 1572 τοὶ
1076 1510 1132 1589 ἐμὰ

98 1610 156 1681 τοῖς
168 1609 302 1694 ‘Appulia
322 1613 370 1674 aral
384 1612 599 1697 Ἀριςογιίτονος
613 1612 628 1690 ἢ
642 1616 679 1675 τοὶ
693 1613 745 1677 troi.
782 1613 929 1678 Stobaeus
943 1612 968 1674 F
968 1608 1051 1675 loril.
1065 1607 1131 1687 Til.

99 1711 287 1777 LXXXIV.
305 1735 338 1798 p.
351 1733 428 1799 493.
444 1715 679 1787 inbrevitatem
695 1713 872 1779 contraxit:
895 1712 1051 1799 Ἰφικράτης
1064 1714 1132 1774 δια-

98 1811 232 1895 διζᾶμινος
245 1819 281 1888 εἰς
294 1815 460 1900 tamum,
470 1815 555 1901 Ἕγοι
565 1813 652 1904 alefa,
666 1815 734 1896 altra,
749 1822 784 1879 τῖι
798 1815 890 1900 γένος·
916 1812 968 1878 nlfi
985 1810 1131 1883 librarius
1191 1826 1197 1839 '

100 1914 276 1983 mutilavit:
293 1917 380 2001 quod
396 1932 504 1982 autem
524 1917 622 2005 hujus
640 1916 823 2004 argumenti
846 1914 967 1980 dicium
986 1912 1131 2000 proxima

98 2014 217 2079 ibidem
233 2018 379 2096 refertur,
394 2019 534 2099 Sostrati,
550 2018 645 2106 plane
658 2018 756 2085 firnile
769 2019 812 2083 est
827 2018 914 2083 huic.
941 2017 988 2081 At
1002 2015 1066 2080 hoc
1078 2036 1129 2080 ar,

98 2117 198 2203 ripuit
211 2118 402 2205 compilator
416 2120 516 2186 libelli
538 2120 859 2189 Pseudo-Plutarchei
880 2121 932 2184 De
951 2117 1130 2189 Nobilitate

94 2218 175 2287 edit.
192 2220 297 2288 Wolf.
313 2243 345 2307 p.
360 2224 432 2307 263.
447 2224 558 2288 nostrae
574 2223 605 2305 ξ.
622 2242 676 2291 21.

142 2325 214 2405 187.
229 2324 266 2387 B.
289 2323 341 2407 52]
368 2325 558 2391 Notavimus
572 2324 613 2389 ad
628 2346 661 2412 p.
673 2346 726 2411 99.
741 2327 781 2391 Ε.

143 2426 215 2507 187.
232 2426 269 2488 Β.
291 2430 526 2491 ΤΙΜΟΘΕΟΎ.
549 2426 602 2510 α’.]
630 2426 819 2492 Plutarchus
841 2425 874 2490 in
895 2425 984 2513 Sylla
1004 2447 1036 2512 p.
1051 2440 1128 2511 454.

96 2527 136 2604 B.
152 2526 192 2594 C.
213 2527 300 2591 aliud
320 2528 502 2614 responsum
520 2528 684 2593 'limothei
698 2527 739 2593 ad
754 2527 828 2592 istos
842 2527 1038 2593 cavillatores
1053 2551 1129 2592 nar-

96 2640 158 2705 rat,
184 2642 338 2692 caeterum
363 2629 504 2694 tabulam
531 2630 650 2715 pidtam
677 2628 772 2715 hujus
798 2628 980 2715 argumenti
1007 2629 1126 2700 refert:

95 2727 158 2791 fine
179 2728 325 2813 responso
345 2729 397 2793 De
416 2728 555 2815 Malign.
570 2728 693 2794 Herod.
710 2751 742 2815 p.
755 2730 828 2813 856.
842 2731 880 2795 Β.
908 2728 1031 2794 Tabula
1052 2728 1126 2817 plu-

94 2829 184 2895 ribus.
204 2845 401 2897 memoratur
422 2831 519 2896 veluti
534 2831 664 2896 AEliano
678 2833 753 2897 Var.
773 2831 854 2895 Hist.
870 2833 966 2896 Xlll.
981 2850 1022 2916 43
1036 2857 1044 2896 ι
1069 2830 1128 2914 Kal

93 2935 118 2995 ol
134 2930 273 3013 ζῶγραφοι
287 2932 313 2993 δὲ
328 2932 496 2995 καθεύδοντα
510 2932 601 2995 ἐποίει
619 2933 700 2995 αὐτὸν
711 2935 903 3018 κωμῳδοῦντες
924 2934 966 2994 ἐπὶ
986 2939 1033 3010 τῆς
1051 2959 1125 3012 σκη-

92 3035 145 3106 νῆς·
170 3029 231 3093 εἶτα
249 3033 376 3118 ὑπέζτῆς
395 3038 514 3112 κεφαλῆς
528 3032 669 3120 ἁπῃῶρητο
691 3039 784 3105 kuina
804 3040 819 3111 ἦ
839 3033 934 3118 Τύχη,
957 3033 1068 3100 Phaeca
1089 3041 1130 3111 οἷς,

92 3132 189 3217 κύρτον
207 3138 258 3206 τὰς
283 3131 390 3209 σέλας.
428 3133 542 3199 suidas
564 3135 596 3198 in
618 3133 763 3216 Τιμόθεος,
784 3148 819 3200 et
837 3135 1025 3200 Sclrollastes
1046 3136 1124 3201 Ari-

92 3233 253 3318 stophanis
277 3233 360 3299 Plut.
378 3235 450 3300 180.
471 3234 581 3300 iisdem
603 3235 688 3300 inter
709 3236 739 3299 se
758 3236 860 3300 verbis
874 3236 1124 3320 consentientem

93 3333 254 3419 Ulpianus
277 3336 421 3399 Enarrat.
440 3335 472 3398 in
488 3337 544 3400 Or.
561 3336 728 3401 Demosth.
744 3337 881 3424 Olynth.
896 3339 940 3401 Il.
963 3359 995 3423 p.
1010 3358 1066 3422 30.
1079 3340 1126 3409 A.

89 3435 190 3519 paulo
211 3435 347 3516 divertis,
369 3437 471 3522 magis
492 3459 567 3500 cum
590 3437 690 3502 altera
706 3437 867 3503 Plutarchi
889 3439 1068 3519 narratione
1090 3440 1124 3506 in

92 3538 188 3626 Syllae
212 3539 301 3618 Vita,
326 3553 520 3625 congruunt.
557 3540 645 3604 Hinc
668 3540 871 3606 Proverbium
893 3540 1005 3605 Εὗδοιτι
1028 3543 1124 3630 κόςτις

89 3646 169 3725 alpi,
185 3640 217 3703 in
233 3640 438 3726 Diogeniano
453 3641 511 3704 IV.
528 3643 589 3724 65:
613 3641 765 3727 Append.
779 3642 886 3708 Vatic.
900 3645 928 3709 1.
939 3664 996 3730 91:
1014 3647 1125 3711 Zeno-

90 3740 145 3805 bio
175 3743 233 3805 IV.
258 3741 290 3806 8.
315 3741 371 3805 ubi
397 3740 556 3805 historiam
585 3743 728 3828 exposuit
755 3743 919 3808 Schottus.
955 3744 1124 3816 Timothei

89 3840 226 3906 felicitas
246 3842 278 3906 in
298 3841 383 3907 bello
402 3842 510 3908 minus
527 3856 623 3928 grato
640 3844 748 3908 animo
769 3846 868 3910 abeo
881 3860 1015 3931 accepta
1027 3847 1120 3912 inde·

90 3963 154 4027 quc
179 3944 212 4006 in
237 3942 459 4008 infelicitatem
485 3945 643 4023 conversa,
672 3945 818 4032 proditur
843 3946 941 4012 etiam
969 3970 988 4012 a
1013 3947 1127 4019 Dione.

30 4048 36 4059 '
90 4042 207 4128 Chrys.
222 4044 312 4109 Orat.
329 4045 451 4110 LXIV.
473 4066 506 4130 p.
520 4063 596 4130 597.
613 4046 654 4110 C.
1077 4067 1084 4076 ·

134 4145 206 4226 187.
222 4143 262 4211 C.
278 4142 331 4229 8.]
359 4145 480 4210 Chares
495 4146 549 4210 ille
564 4145 626 4211 fuit
641 4145 905 4233 cujusjaitantiae
919 4149 982 4215 hoc
997 4134 1122 4220 dictum

88 4245 218 4335 objecit.
256 4247 310 4319 Sic
325 4246 512 4315 Plutarchus
534 4249 567 4315 in
591 4249 742 4335 Pelopida
761 4272 797 4338 p.
813 4250 888 4337 278.
902 4254 958 4320 Dr
980 4257 1086 4330 Καλῶς
1106 4261 1122 4327 ο

555 4367 653 4431 4Α4
