2692 4770
153 343 211 402 562
292 345 331 404 D.
346 346 397 408 W.
417 348 624 407 ANIMADV.
646 349 693 407 IN
714 347 944 407 PLUTARCHI
965 346 1039 404 LIB.

153 511 245 590 τεῖχος
264 508 292 569 δὲ
310 506 546 595 πεςιὸαλοῖμεθα·
570 510 584 574 i
598 520 710 598 orpora
723 513 773 593 pio
786 512 859 598 πρὸς
873 509 976 595 ι’νγῖειαν
989 511 1050 580 ταῖς
1063 505 1186 569 πόλεσιν

155 611 277 690 οὐδαμῶς
289 612 430 697 συμφέρει,
445 614 509 700 πρὸς
524 613 552 675 δέ
567 640 632 677 τινα
642 617 792 695 μαλθακὴν
807 613 860 690 ἕξιν
872 616 934 685 ταῖς
948 613 1057 694 ψυχαῖς
1069 616 1124 670 τῶν
1139 609 1183 667 iv·

155 710 293 776 imoimo
314 711 390 776 εἴωθε
413 715 522 777 notaio:
550 714 694 778 bifariam
719 713 819 798 accipi
845 713 966 799 potest:
991 708 1099 773 velex
1121 707 1185 770 hoc
1230 766 1237 786 .

156 815 225 891 usu,
241 816 362 902 confert,
384 818 470 904 causo
492 815 597 902 existit,
620 818 681 882 dun
702 815 741 902 est
757 816 884 902 ingeniis
899 812 1131 878 inhabitantium
1145 810 1189 871 od

155 913 269 978 mollem
284 916 436 980 habitum.-
459 916 520 997 vel,
540 930 687 1006 praterea
701 941 770 980 vero
776 917 856 1002 solet
871 913 996 1002 ingeniis
1010 910 1186 976 inhabitan-

157 1015 230 1078 tium
248 1015 357 1102 socere
376 1018 488 1082 mollem
511 1018 657 1097 habitum,
680 1034 717 1082 ut
740 1015 776 1082 sit
799 1040 856 1104 pro
877 1020 1005 1099 ἐμποιεῖν.
1047 1013 1185 1098 RepubI.

156 1115 251 1179 VIII.
267 1137 384 1203 p.497.
401 1120 446 1182 E:
471 1117 517 1197 aa)
532 1121 605 1206 orgis
621 1120 693 1181 οὐδὲν
712 1121 823 1202 ἀγαθὸν
837 1122 941 1196 ἐνοῦσαι
954 1119 1062 1202 δρῶσιν,
1077 1114 1187 1201 volup-

157 1227 231 1280 tates
251 1242 320 1304 quae
337 1221 492 1306 pquntes
514 1220 556 1282 ad
573 1219 689 1283 mittun
711 1219 815 1284 bonnm
833 1219 1006 1305 conserunt:
1031 1217 1133 1302 potest
1155 1229 1189 1279 et

155 1316 256 1403 accipi
279 1317 379 1382 altem
402 1319 511 1396 modo,
535 1333 563 1383 et
586 1333 730 1405 praetereo
754 1318 871 1382 millam
900 1319 1003 1382 bonum
1030 1318 1188 1403 prnsmtcs

144 1417 281 1504 fatiunt.
322 1421 359 1483 In
377 1421 602 1506 Xenophontis
617 1423 720 1486 Mem.
737 1423 826 1486 Socr.
844 1422 871 1484 Ι.
886 1441 919 1501 4.
938 1440 987 1484 11.
1004 1421 1060 1496 itt
1075 1419 1189 1504 ὀρθότης

156 1519 313 1606 ᾑσροορᾷν
331 1527 429 1585 πλεῖον
447 1526 526 1584 ποιεῖ
546 1523 677 1601 δόναθω,
701 1531 793 1586 retius
804 1520 905 1606 status
915 1520 1000 1607 facit
1013 1531 1047 1582 nt
1066 1518 1135 1605 plus
1155 1520 1189 1582 in

120 1628 125 1633 '
157 1618 349 1709 longinquum
366 1624 525 1710 prospicere
539 1623 691 1711 pofflnins:
716 1624 771 1688 ubi
786 1624 969 1689 Castalionis
983 1622 1081 1687 editio
1096 1645 1188 1686 eam-

156 1743 219 1807 que
239 1722 364 1786 secutus
384 1726 415 1790 J.
431 1725 481 1788 M.
498 1726 656 1790 Gesnerus
674 1726 706 1788 in
730 1724 983 1790 Chrestomathia
997 1725 1055 1787 Gr.
1071 1744 1187 1808 perpe-

157 1844 225 1886 ram
241 1825 314 1910 σρός
330 1826 362 1888 τὸ
381 1830 443 1910 ὁρξιν
460 1846 518 1910 pro
532 1833 666 1912 orpoopqio.
701 1828 805 1890 Lucas
819 1828 940 1910 Evang.
956 1825 1022 1886 XII
1027 1871 1034 1887 .
1050 1841 1105 1905 47.
1119 1826 1189 1905 μηδὲ

155 1926 276 2003 notionis
297 1928 370 2011 πρὸς
384 1930 415 1989 τὸ
435 1926 548 2009 θέλημα
563 1932 658 2007 αὐτοῦ,
681 1950 721 1992 an
740 1950 779 1992 ex
800 1925 998 1990 medicorum
1013 1926 1187 1990 consuetu·

155 2025 230 2089 dine
246 2025 416 2092 dictionem
438 2028 592 2115 suscepit?
619 2051 814 2116 quamquam
835 2029 879 2092 est
903 2026 983 2091 alius
1004 2025 1109 2089 sensus
1131 2026 1187 2104 od,

144 2126 307 2210 secundun
318 2150 328 2204 3
351 2129 395 2191 od
414 2129 574 2216 exemptum
595 2130 720 2215 accepit
736 2128 930 2193 Abreschius
950 2126 983 2190 in
1003 2126 1128 2190 Annot.
1145 2123 1189 2190 od

154 2228 200 2291 N.
211 2229 250 2293 T.
264 2250 297 2314 p.
307 2229 383 2313 586.
399 2279 400 2282 η
420 2229 542 2293 Latinis
557 2229 636 2294 item
651 2231 683 2295 in
698 2254 732 2295 re
746 2230 871 2294 medica
885 2229 1032 2292 usitatum
1042 2227 1129 2312 facit
1145 2229 1191 2291 od

154 2328 291 2417 aliquid:
314 2345 461 2396 notatum
482 2334 515 2396 in
535 2333 660 2419 optimo
681 2333 863 2399 Latinitatis
880 2332 997 2397 Lexico
1018 2330 1186 2396 Forcellini

154 2444 187 2495 et
203 2432 372 2497 Facciolat.
387 2435 427 2499 Τ.
441 2435 485 2497 11.
501 2455 534 2520 p.
549 2436 622 2500 268.
647 2437 733 2501 Cum
747 2435 864 2499 Dativo
878 2435 920 2497 eii
935 2432 1013 2496 illud
1031 2431 1187 2516 Propertii

155 2534 217 2598 111.
237 2553 265 2597 1.
283 2553 344 2599 20:
376 2535 446 2598 Non
455 2535 556 2620 faciet
576 2536 667 2624 capiti
686 2538 766 2599 dara
781 2560 886 2600 corono
906 2558 988 2598 mco:
1017 2546 1052 2598 et
1070 2534 1186 2597 Graeco

154 2635 319 2720 EpItietus
334 2637 412 2701 Diss'.
430 2638 473 2701 II.
489 2640 521 2702 6.
545 2661 578 2723 p.
597 2640 678 2723 198:
702 2638 736 2702 oin
750 2663 793 2700 ooo
807 2643 888 2722 ποιῇ,
900 2637 936 2722 ſs
945 2659 990 2698 ret
1004 2635 1059 2698 tibi
1072 2637 1186 2698 condu-

155 2748 214 2813 cat,
234 2737 335 2822 profit.
373 2739 435 2802 III.
451 2739 482 2802 8.
503 2760 535 2825 p.
548 2758 631 2824 390:
655 2738 719 2803 ὅταν
733 2765 777 2803 ooo
790 2743 829 2822 pi
843 2744 915 2823 ποιῇ,
926 2737 962 2820 st
974 2736 1029 2800 tibi
1042 2761 1100 2800 non
1113 2759 1184 2800 con·

153 2836 253 2899 (hicat.
292 2839 350 2901 IV.
378 2857 406 2900 1.
434 2859 467 2923 p.
483 2841 568 2922 5582
592 2844 614 2902 εἰ
634 2844 672 2922 μὴ
695 2844 770 2904 notai
792 2865 848 2918 σοι,
872 2839 980 2916 ἔξελθε,
997 2837 1032 2922 ſs
1053 2838 1108 2901 tibi
1127 2862 1186 2902 non

148 2938 257 3025 placet,
273 2937 396 3025 prodaess,
412 2941 470 3003 cxi.

196 3043 248 3122 76.
261 3042 305 3104 D.
329 3045 358 3104 ου’
371 3043 730 3129 pavois—dommianus]
749 3046 832 3108 Sane
846 3045 971 3130 ptaestat
984 3047 1080 3126 μονὰς,
1095 3066 1185 3105 nian-

141 3141 252 3226 ſsones.
294 3141 387 3205 Plato.
402 3145 482 3229 Leg.
499 3145 559 3207 IX.
583 3146 657 3229 651.
672 3145 726 3208 D:
749 3148 793 3207 tat
807 3145 857 3224 βίω
871 3151 933 3209 τινὰ
946 3149 1039 3228 μονὴν,
1057 3145 1185 3227 maristo·

152 3266 217 3304 nem
232 3242 263 3305 in
276 3242 348 3304 urbo
366 3258 421 3330 por
436 3254 526 3306 toton
540 3244 649 3308 vitan.
679 3245 843 3308 Pausanias
859 3248 901 3308 X.
913 3264 967 3328 31.
983 3267 1016 3329 p.
1030 3245 1114 3327 875:
1135 3245 1186 3307 τέ·
1201 3249 1204 3255 ’

152 3369 254 3425 spineas
277 3345 303 3405 δὲ
326 3346 369 3405 διὰ
390 3352 443 3407 τῶν
466 3353 552 3426 μονῶν
573 3352 588 3422 ἡ
611 3345 675 3419 ὁδός·
708 3346 762 3409 via
784 3346 921 3431 distinata
944 3345 984 3432 est
992 3345 1185 3430 stationibus.

151 3443 312 3518 Ἀνίιλυσις,
327 3441 470 3527 diffolntio
486 3443 611 3521 itineris,
626 3444 742 3508 domum
756 3446 871 3523 reditio,
888 3468 945 3531 per
962 3445 1185 3530 metaphoram

153 3542 205 3607 hic
230 3543 421 3629 significatur
441 3545 569 3611 <luciam
592 3549 632 3611 ab
651 3549 708 3611 usu
729 3548 814 3613 verbi
836 3551 960 3614 ἀναλύων
977 3555 1008 3613 ἐκ
1026 3551 1183 3632 συμποσίω,

151 3644 266 3706 domum
282 3645 376 3707 redire
391 3671 406 3708 a
420 3647 566 3727 convivio,
581 3648 667 3733 apud
683 3648 886 3714 Plutarchum
903 3651 1049 3737 Sympos.
1067 3652 1126 3715 IV.
1150 3673 1185 3735 p.

151 3749 225 3811 660.
241 3750 285 3812 A.
324 3749 441 3813 Caton.
458 3751 540 3813 Min.
563 3773 595 3835 p.
611 3753 686 3833 762.
701 3752 739 3814 Β.
771 3751 909 3815 Gracch.
931 3773 965 3837 p.
982 3754 1056 3837 831.
1072 3752 1128 3816 A:
1151 3766 1185 3817 et

151 3848 269 3935 plures,
291 3871 428 3934 quorum
449 3849 538 3917 locos
559 3849 681 3915 notavit
701 3853 732 3916 J.
752 3853 783 3917 J.
805 3851 1002 3916 Wetstenius
1025 3851 1064 3915 ad
1087 3855 1185 3916 Lucae

151 3954 271 4039 Evang.
283 3953 369 4036 XII.
385 3954 439 4036 36.
479 3951 558 4016 lnde
571 3951 702 4037 suspicio
717 3953 872 4031 nascatur,
887 3975 991 4017 veram
1006 3953 1102 4040 hujus
1120 3953 1184 4018 loci

150 4051 320 4117 Iefflonem
336 4053 425 4117 suiss'e
438 4058 511 4117 -οὐ
525 4058 609 4135 μονὰς
622 4062 749 4117 ποιοῦσιν
762 4056 818 4117 οὐδὲ
833 4058 938 4141 ἐποχὰς
952 4054 998 4132 καὶ
1013 4057 1182 4130 καταλύσεις

148 4155 237 4240 ὥσπερ
252 4161 277 4219 ἐν
293 4159 342 4241 ὁδῷ
356 4162 402 4232 τῆς
416 4163 570 4244 προκοπῆς,
585 4159 652 4219 ἀλλ’
666 4156 822 4232 ἀναλύσας,
841 4181 901 4220 non
915 4158 1073 4242 marfiones
1092 4171 1120 4221 ct
1134 4183 1179 4222 co·

148 4257 298 4321 bibitiones
312 4280 348 4320 oc
368 4257 549 4322 diverticulo
569 4257 783 4344 progrgffioais,
799 4269 950 4347 tamqnam
965 4259 996 4322 in
1011 4261 1078 4340 vio,
1087 4262 1179 4339 soci·
