2692 4770
124 658 464 834 Dnnmms
507 684 1089 834 wrrrununcfflr

302 996 913 1079 ANIMADVERSIONES

589 1252 632 1298 IN

402 1462 817 1560 PLUTARCHI
944 1568 948 1575 ,

94 1737 499 1807 urorurnuuunm
525 1739 691 1805 nucum
714 1702 770 1804 *ur
789 1739 918 1805 rrum
940 1739 1123 1807 Ducum,

477 1992 746 2037 ...Q-...-

93 2186 152 2300 P.
171 2254 242 2321 172.
256 2239 299 2302 A.
326 2242 652 2304 ΑΠΟΦΘΕΓΜΑΤΑ
672 2238 887 2308 ΒΑΣΙΛΕΩΝ
908 2242 981 2303 ΚΑΙ
1001 2236 1124 2308 zm-

95 2339 265 2424 ΤΗΓΩΝ.]
290 2341 366 2406 Hoc
380 2341 510 2406 nomine
524 2341 670 2428 proditur
684 2341 845 2406 Plutarchi
865 2341 946 2406 liber
966 2340 998 2406 in
1022 2345 1126 2429 Sopa-

95 2439 137 2504 tri
159 2441 290 2528 Eclogis
315 2442 402 2528 apud
425 2442 574 2507 Photium
598 2442 682 2508 eod.
706 2443 826 2509 CLXI.
852 2465 886 2530 p.
906 2463 982 2528 341.
1007 2460 1069 2528 25:
1092 2459 1127 2513 et

95 2542 232 2607 Mucarii
254 2542 520 2631 Chrysocephalae
544 2544 660 2611 Ruseto
682 2543 767 2630 apud
789 2543 1000 2611 Villoisonum
1021 2546 1054 2610 in
1074 2549 1125 2613 A·

97 2642 242 2708 necdotis
258 2645 315 2708 Gr.
335 2666 370 2731 p.
385 2667 416 2732 9.
451 2647 500 2709 At
518 2645 551 2710 in
573 2644 731 2731 Lampriae
747 2644 904 2732 Catalogo
917 2644 980 2710 alio
996 2645 1127 2713 nomine

96 2759 309 2826 memoratur3
333 2746 484 2833 fiquidem
500 2748 603 2811 Num.
616 2746 705 2811 CVI.
720 2744 872 2811 editioniu‘
884 2746 1128 2817 Hoeschelianioe

98 2846 264 2932 inscriptus
279 2847 359 2913 liber
372 2848 591 2934 Ἂποφθίγμώα
605 2852 767 2934 ἡγεμονικοὶ,
780 2853 952 2934 mummi,
969 2855 1128 2936 τυραννικὰ,

98 2947 151 3012 hic
166 2948 231 3034 ipse
245 2949 411 3015 habendus
425 2949 480 3013 lit:
503 2963 538 3014 at
560 2949 592 3014 in
615 2949 761 3034 exemplo
774 2949 902 3013 Veneto
916 2944 1013 3038 huju'r
1028 2951 1127 3018 Cata·
1147 3029 1153 3039 ,

96 3049 164 3136 logi
178 3049 311 3114 omnino
333 3072 408 3114 cum
431 3049 532 3114 tribus
554 3048 704 3137 proximis
722 3047 838 3114 libellis
855 3049 977 3115 filentio
995 3066 1129 3137 proeter·

97 3151 247 3216 mittitur.
293 3154 331 3217 ln
353 3151 475 3217 Stobaei
499 3152 670 3241 Florilegio
695 3152 747 3218 ed.
771 3153 903 3219 Gesneri
927 3154 1029 3218 Serm.
1048 3155 1128 3223 Vll.

96 3274 131 3338 p.
144 3268 197 3339 95.
220 3252 357 3339 Agcfilai
371 3253 415 3317 est
428 3253 551 3319 dictum
565 3254 606 3319 de
621 3253 809 3319 fortitudine
822 3269 856 3318 et
869 3252 1002 3341 justitia,
1018 3253 1129 3322 addito

97 3354 130 3418 in
159 3355 303 3442 margine
332 3353 462 3419 nomine
489 3355 647 3419 Plutarchi
674 3355 707 3420 in
732 3356 951 3445 Apopbthegm.
980 3355 1068 3442 quod
1094 3357 1130 3424 in

96 3454 345 3520 Trincavellinna
359 3469 487 3521 tantum
508 3456 639 3521 nomine
656 3455 832 3544 Ἀγησιλάου
846 3471 993 3522 notatum
1007 3457 1073 3523 est:
1096 3471 1131 3525 at

97 3556 131 3621 in
146 3555 336 3624 Schowiana
351 3581 384 3647 p.
399 3577 474 3644 203.
488 3563 533 3623 Ti
548 3563 632 3633 αὑτοῦ
650 3559 785 3645 (scilicet
798 3561 981 3649 Πλυτίιςχυ)
999 3564 1025 3625 ir
1038 3563 1129 3626 Ἀπο·

98 3656 280 3741 φθέγμασινε
305 3680 391 3724 nunc
410 3658 443 3723 in
458 3658 522 3723 hoc
535 3659 619 3724 libro
638 3659 757 3747 legitur
773 3682 808 3746 p.
827 3680 897 3747 190.
914 3663 953 3726 F:
983 3661 1017 3726 in
1036 3664 1130 3750 Apo·

97 3760 270 3846 phthegm.
293 3760 461 3826 Laconicis
482 3783 516 3848 p.
533 3780 607 3847 213.
626 3762 674 3826 B:
704 3761 737 3826 in
754 3762 832 3828 Vna
847 3761 986 3849 Agefilai
1006 3785 1039 3851 p.
1055 3767 1131 3850 607.

98 3861 137 3924 E.
174 3861 238 3925 Sed
260 3875 294 3927 ct
317 3862 403 3949 apud
425 3862 576 3927 eumdem
600 3863 777 3944 Stobaeum,
804 3863 997 3943 Maximum,
1021 3867 1130 3931 Auto-

100 3962 203 4041 nium‚
218 3964 270 4027 Jo.
284 3964 533 4043 Damascenum,
552 3963 623 4028 aliae
641 3962 728 4028 haud
743 3984 855 4050 paucae
871 3964 992 4030 exstant
1005 3965 1131 4032 senten·

98 4061 165 4141 tiae‚
189 4063 318 4126 nominc
333 4062 491 4128 Plutarchi
505 4064 637 4129 subinde
657 4064 781 4144 addito,
804 4063 886 4151 saepc
906 4064 1030 4145 omilin,
1053 4088 1132 4152 quus

101 4163 134 4226 in
162 4163 212 4228 his
238 4163 567 4252 Apophthegmatum
596 4164 791 4241 Plutarcheis
819 4164 908 4233 libris
930 4166 1130 4236 invenimus:
