2692 4770
224 297 306 367 117⁸
404 295 459 358 Ὦ.
468 295 521 356 W.
541 296 819 359 annianum
839 298 1072 360 PLUTARCHI

224 466 283 525 'um
302 459 343 524 ab
364 459 514 547 Agefilao
530 461 860 547 ‘patruo-successione
880 463 973 551 regni
994 460 1120 551 paterni
1132 461 1182 526 vel
1203 482 1262 526 ex-

223 559 349 625 clusum
362 559 411 626 vel
425 562 604 648 expulsum.
627 565 716 629 Nam
726 578 766 630 ut
778 563 955 650 expulsum,
967 564 1054 631 etad
1067 563 1261 629 brevetem·

223 679 287 748 pue
309 686 411 751 regno
432 665 593 747 funmrm,
614 678 650 731 et
673 667 707 732 in
733 666 875 755 Regibus
896 665 1104 745 censendum,
1125 663 1261 751 quidam

223 762 403 851 Scriptores
416 766 540 832 sortasse
553 769 809 835 memoraverint.
830 770 902 834 Aut
916 767 1153 857 Ieeotychidnm
1168 768 1261 832 Ana-

221 865 298 932 xilai
312 867 425 947 filium,
439 868 504 933 hoc
518 867 586 957 ipso
606 870 749 935 Menaria
763 869 827 935 silio
841 868 1056 957 Ieotychida,
1070 868 1188 957 quinta
1199 890 1261 955 ge·

223 967 390 1034 neratione
411 969 565 1056 majorem
581 983 617 1035 et
636 993 788 1058 proavum
802 970 844 1036 ab
858 970 1041 1049 Herodoto,
1055 970 1261 1035 nominatum

221 1066 320 1134 v111.
336 1090 408 1156 131.
422 1091 462 1136 ea
473 1069 701 1138 existimatione
715 1072 805 1137 fuisse
818 1085 983 1159 putemus,
994 1086 1033 1136 ut
1045 1071 1116 1158 ejus
1129 1071 1262 1138 nomine

222 1170 371 1256 quaedam
386 1172 550 1239 sententiae
564 1173 740 1240 ferrentur?
764 1172 931 1262 Quidquid
945 1172 1016 1260 ejus
1031 1173 1079 1253 fit,
1095 1184 1184 1238 cene
1198 1194 1259 1236 no-

222 1273 284 1338 ster
296 1272 430 1361 scriptor
445 1274 526 1340 duos
547 1276 765 1364 Leotychidas
779 1274 947 1341 confudit:
971 1286 1006 1339 et
1019 1275 1126 1339 rursus
1140 1296 1181 1339 ex
1194 1297 1261 1339 uno

222 1369 307 1440 dune
323 1374 418 1454 secit3
441 1374 593 1460 fiquidem
608 1375 663 1441 ille
677 1376 781 1463 major
794 1376 1022 1464 Leotychides,
1036 1397 1135 1461 quem
1151 1376 1260 1440 Hero·

223 1474 323 1547 dotus
343 1476 443 1543 filium
464 1476 609 1541 Menaria
625 1477 745 1564 prodit,
768 1479 809 1543 ab
829 1478 886 1542 isto
907 1477 1027 1543 dicitur
1047 1475 1199 1564 Am'slonis
1220 1477 1259 1540 fr·

217 1571 285 1645 lius
298 1602 307 1658 ς
330 1589 369 1642 ut
381 1578 605 1656 Demaratum,
617 1578 672 1665 qui
687 1592 776 1644 certo
788 1579 936 1664 Aristonis
949 1578 1032 1643 filius
1045 1579 1260 1666 cognomina·

218 1681 288 1756 tur,
301 1675 397 1764 hujus
411 1677 621 1765 Ieotychidae
635 1679 767 1744 fratrem
784 1679 872 1744 finisse
887 1679 1057 1766 putaverit.

266 1795 342 1859 224.
354 1776 395 1842 C.
418 1777 472 1863 c‘.]
497 1779 638 1846 Pertinet
651 1780 765 1846 eodem
787 1780 928 1868 Lycurgi
944 1778 1068 1845 dictum
1081 1778 1117 1858 η’.
1133 1801 1169 1867 p.
1183 1796 1257 1864 227.

218 1876 261 1946 B.
279 1881 367 1966 quod
388 1879 433 1947 ibi
453 1882 644 1947 notavimus.
680 1884 923 1970 Argumentum
937 1904 957 1945 a
975 1881 1175 1968 philosophis
1190 1897 1258 1947 tra·

221 1981 359 2062 Statum,
382 1982 415 2048 in
436 1982 548 2069 primis
568 1984 823 2073 aTheophraIIo
843 1983 874 2046 in
896 1983 985 2048 Iibris
1007 1989 1167 2048 Πολιτικῶν
1184 1987 1258 2064 πρὸς

219 2079 272 2156 τὰς
285 2081 392 2168 καιρός·
408 2083 577 2171 dequibus
590 2087 621 2151 J.
634 2086 791 2151 Meurfiuo
805 2086 837 2150 in
850 2083 1067 2171 Theophrasto
1080 2086 1256 2151 LXXVII.

219 2204 254 2270 p.
269 2205 324 2265 40.
361 2186 493 2271 Spebtat
512 2173 644 2252 subinde
665 2188 780 2253 Cicero
799 2189 988 2254 nominatim
1002 2189 1055 2252 De
1071 2187 1142 2252 Fin.
1156 2191 1254 2270 V.4t

219 2284 434 2372 Theophrastus
458 2286 601 2375 (scripsit)
626 2313 696 2377 qua
716 2290 805 2379 effent
826 2291 858 2353 in
877 2289 1029 2377 republica
1049 2288 1258 2355 inclinationes

215 2400 318 2451 rerum
331 2401 359 2454 et
374 2401 518 2454 momenta
532 2402 703 2480 temporum,
718 2393 822 2478 quibus
835 2395 900 2480 effet
912 2392 1126 2459 moderandam
1139 2404 1256 2456 uterem-

217 2512 275 2577 que
295 2513 340 2554 res
358 2490 529 2579 postularet.
573 2495 617 2560 Et
639 2493 703 2579 ipse
725 2494 812 2558 suam
836 2494 991 2558 rationem
1016 2507 1127 2558 tuetur
1149 2493 1254 2558 Attio.

217 2591 312 2655 XVI.
330 2610 370 2675 7:
393 2617 474 2657 nemo
496 2595 597 2658 dolius
618 2618 756 2681 umquam
781 2593 889 2678 (malta
904 2607 1003 2658 autem
1023 2596 1059 2658 dc
1075 2596 1127 2658 boc
1145 2619 1255 2682 genere

206 2693 423 2781 scriptasunt)
441 2697 628 2761 mutationem
643 2696 761 2781 capilii,
778 2696 997 2783 incoefiantiam
1011 2697 1089 2760 dixit
1103 2699 1168 2782 asse.
1191 2698 1254 2763 Di·

217 2798 293 2861 vers.
312 2800 338 2861 I.
354 2820 385 2883 9.
402 2803 455 2865 60.
478 2799 519 2862 ad
535 2800 731 2865 Lentulum:
764 2799 867 2886 Neque
885 2801 1115 2886 permanendum
1136 2823 1199 2863 una
1222 2802 1254 2863 in

205 2900 370 2987 scatenlia,
392 2902 534 2986 conversts
555 2903 641 2965 rebus
664 2927 699 2964 ac
722 2903 859 2965 bonorum
881 2902 1086 2965 volantatibus
1108 2903 1253 2965 mutatis:

205 3002 267 3089 sed
289 3002 461 3087 temporibus
481 3004 714 3089 adsentiendum.
753 3001 924 3089 Numquam
947 3003 1023 3067 enim
1042 3003 1256 3090 praestantibus

215 3105 249 3168 in
270 3103 420 3191 republica
439 3103 639 3190 gubernanda
660 3103 737 3168 viris
760 3103 888 3167 laudata
914 3103 951 3190 est
974 3105 1005 3167 in
1027 3128 1089 3166 una
1099 3105 1254 3188 sententia

212 3218 356 3294 perpetua
370 3206 551 3294 permaefio:
564 3206 625 3292 sed
643 3219 677 3269 ut
701 3207 733 3270 in
757 3207 933 3293 navigando
955 3204 1114 3294 tempestati
1136 3205 1254 3294 abfiqui

215 3309 292 3373 artis
306 3307 354 3394 est,
370 3310 457 3372 etiam
465 3308 500 3392 fi
514 3321 631 3394 partum
646 3319 741 3369 tenere
755 3332 812 3371 non
826 3331 936 3394 qrccas:
951 3331 1016 3371 cum
1028 3329 1099 3369 voro
1115 3307 1150 3368 id
1165 3307 1253 3393 paffir

214 3423 332 3475 mutata
346 3411 543 3499 velificatione
557 3411 690 3497 absequi,
702 3409 832 3495 stultam
848 3410 964 3493 astrum
978 3423 1074 3473 tenere
1087 3434 1151 3473 nem
1168 3410 1252 3497 peri·

214 3515 278 3580 colo
293 3515 404 3601 narsum
418 3538 501 3602 quem
516 3513 621 3600 ceperis
640 3513 747 3599 potius,
766 3536 854 3599 quam
876 3537 906 3576 co
921 3523 1105 3589 commutato,
1123 3536 1179 3599 qua
1195 3538 1250 3577 vc·

213 3617 265 3693 lis,
290 3618 407 3679 tandem
428 3617 599 3702 pervenire:
616 3615 665 3700 sic
687 3639 777 3701 quum
802 3615 935 3678 omnibus
956 3614 1038 3679 trabis
1065 3614 1097 3678 in
1118 3615 1251 3680 admini-

201 3718 337 3806 stranda
350 3719 498 3804 republica
515 3718 690 3806 prapasttum
705 3718 757 3802 effi
771 3717 885 3795 debeat,
902 3717 936 3779 id
948 3719 1027 3805 quod
1042 3742 1062 3779 a
1077 3741 1122 3779 me
1132 3719 1250 3804 jaepiur

211 3822 324 3885 dilium
338 3818 387 3904 ejl,
405 3843 469 3881 cum
483 3820 632 3905 dignitate
645 3818 751 3895 otium3
776 3843 833 3881 non
852 3819 928 3881 idem
939 3822 1057 3907 semper
1071 3820 1179 3898 dicere,
1192 3820 1253 3906 sed

211 3925 289 3988 idem
300 3924 418 4008 semper
428 3922 565 4009 spectare
586 3920 732 3984 debemus.
770 3922 805 3983 In
821 3920 934 3984 eodem
951 3935 1144 4007 argumento
1163 3922 1249 4009 ejus·

211 4049 276 4112 que
295 4025 431 4089 audiore.
446 4040 479 4088 et
502 4023 653 4108 scriptore
666 4022 829 4109 praecipuo
846 4023 1062 4109 Theophrasto
1077 4025 1139 4089 fuit
1155 4025 1246 4089 Plut-

211 4128 301 4193 archi
315 4126 408 4204 liber,
422 4148 508 4190 nunc
522 4124 677 4210 perditun,
699 4127 767 4212 megi
782 4126 946 4214 Θεριρᾶςυ,
960 4127 1035 4213 πρὸς
1048 4128 1110 4203 τοὺς
1124 4129 1247 4216 καιροὺς,

211 4243 407 4295 memoratus
421 4227 454 4292 in
468 4226 628 4315 Lampriae
644 4226 801 4315 Catalogo
816 4227 849 4292 N
852 4249 919 4292 um.
934 4228 1009 4294 LII.
