2692 4770
216 288 279 373 9⁴4
408 296 446 360 D.
460 297 511 360 W.
531 299 738 362 ANIMADV.
758 300 806 362 IN
826 299 1057 362 PLUTARCHI

216 480 255 523 aa
267 459 444 542 dicacitatis,
457 462 543 550 quod
558 462 680 529 valebat
694 463 733 530 ad
755 463 994 551 expurgandum
1011 463 1247 552 abluendamqua

216 561 377 628 exanimo
388 562 525 650 fufium:
545 565 632 630 unde
645 563 754 629 malim
768 569 921 645 ἀπολοῦσαι
933 568 979 628 τὸν
990 564 1083 647 «inat.
1252 594 1267 627 ι

261 680 333 747 151.
343 665 381 727 E.
401 664 827 754 menariae-naman]
854 664 1105 752 Intelligendum
1119 687 1158 730 ex
1172 666 1244 729 He·

212 761 330 830 mdoto
352 766 499 850 11.172=
530 786 570 830 ex
590 765 674 853 pelvi
694 788 801 846 aurea,
823 765 856 831 in
878 788 943 853 qun
962 767 1025 854 ipse
1048 781 1082 831 et
1104 765 1244 831 convivae

214 863 313 949 pedes
330 865 459 930 abluere
473 866 709 946 consueverant,
723 867 879 931 daemonis
895 867 1027 931 statuam
1047 867 1136 947 fecit,
1157 880 1192 932 et
1209 867 1244 931 in

212 962 343 1050 publico
363 964 450 1030 urbis
474 965 548 1031 loco
569 967 695 1053 posuit=
725 989 821 1054 quarn
842 988 941 1054 quum
962 966 1112 1054 AEgyptii
1134 967 1244 1052 pnIsrm

212 1079 448 1146 venerarentur,
471 1088 526 1131 eos
547 1065 727 1147 admonuit,
749 1067 846 1132 fimile
866 1068 897 1132 se
920 1066 1023 1154 ipsum
1045 1067 1162 1132 habere
1183 1087 1243 1131 ne·
1276 1116 1279 1121 -

211 1165 357 1257 gotium3
381 1180 503 1232 namet
516 1168 547 1232 se
561 1188 600 1231 ex
613 1166 739 1254 plebeio
753 1167 873 1233 fastum
896 1190 1017 1256 regem,
1035 1188 1121 1232 nunc
1137 1167 1242 1232 hono·

211 1264 347 1331 randum
369 1266 441 1332 eIse.
473 1267 566 1332 Harl.
584 1288 614 1332 1.
631 1288 662 1336 ι.
678 1268 756 1333 dant
778 1267 1083 1363 itemltuaym'ffam,
1101 1267 1195 1357 cujus
1208 1278 1243 1332 et

210 1387 252 1431 ex
273 1366 400 1431 historia
419 1383 552 1454 apparet
572 1368 675 1433 ratio:
700 1382 734 1434 et
755 1368 851 1435 iidem
871 1368 936 1433 ὅπα
960 1390 1019 1455 pro
1038 1368 1127 1447 iit-ra,
1149 1366 1243 1455 cujus

212 1466 321 1531 Ionica
343 1468 447 1533 forma
466 1467 606 1554 suspetta
626 1469 659 1534 in
681 1469 809 1556 reliquis
829 1469 907 1534 dieti
929 1470 1072 1556 partibus
1088 1491 1128 1533 ex
1148 1489 1241 1534 com·

210 1567 302 1631 muni
316 1567 453 1633 dialeeto
467 1569 588 1634 sumtis.
617 1570 849 1656 Superlativum
863 1592 922 1657 pro
937 1569 1163 1657 comparativo
1178 1569 1241 1634 hoc

210 1668 340 1755 quidem
356 1668 429 1733 Ioco
444 1692 482 1734 ex
495 1669 616 1756 duplici
630 1671 783 1756 scripturn
795 1671 970 1739 conflatum
983 1671 1107 1736 dicam:
1130 1669 1241 1749 altera,

210 1791 307 1856 quum
330 1770 531 1849 mstituimuS,
553 1769 605 1858 κᾷν
628 1772 756 1859 μυριάκις
778 1769 795 1851 ἢ
818 1777 861 1836 νῦν
885 1776 1007 1858 ἀναφανῇ
1031 1770 1239 1858 ὃνσγενὸςιςιςι

208 1870 310 1936 altera
334 1870 487 1951 breviore,
509 1868 561 1957 κᾷν
581 1875 703 1957 trauan]
727 1866 933 1957 δυσὶχιιέςατος.
978 1870 1242 1959 Alibi-reperitur

209 1971 425 2058 superlativus
439 1993 498 2058 pro
514 1973 739 2060 Comparativo
753 1972 928 2053 adhibitus,
943 1963 989 2038 ita
1003 1986 1110 2037 tamen
1127 1985 1165 2037 ut
1178 1993 1239 2059 po-

208 2073 273 2138 tius
298 2096 317 2138 a
340 2073 478 2153 librario,
502 2097 598 2159 quam
623 2075 763 2152 euitare,
788 2074 949 2161 prosettus
972 2074 1133 2139 videntur:
1164 2098 1193 2138 v.
1207 2096 1239 2139 c.

210 2175 333 2240 Platoni
348 2178 429 2262 Iaeg.
439 2178 484 2240 11.
498 2198 531 2263 p.
542 2178 617 2261 581.
630 2178 670 2241 F:
694 2175 816 2255 καλλῖςη
828 2177 941 2255 ταύτης,
957 2198 1016 2263 pro
1030 2175 1155 2240 καλλίων
1167 2175 1239 2240 ταῦ-

206 2303 267 2354 vtt-
303 2276 449 2363 Euripidi
469 2277 697 2344 Andromache
711 2280 743 2343 6.
765 2283 825 2342 Νῦν
844 2277 950 2353 inim
967 2277 1042 2356 ἄλλη
1064 2278 1238 2365 &mxu-ivn

205 2385 275 2469 γυνὴ
295 2383 385 2464 ’Euat
399 2382 533 2467 πέφυκεν,
553 2381 744 2468 tyatiram(
766 2382 888 2448 dudum
909 2383 1052 2472 Scaliger
1064 2383 1238 2470 legendum

208 2498 377 2551 monuerat
390 2484 571 2572 δυςνχιςιςα·
594 2499 629 2550 et
648 2485 792 2571 probavit
805 2486 1027 2574 Musgraviue:
1049 2499 1083 2550 et
1096 2473 1238 2551 Valcke-

207 2586 313 2651 narius
328 2586 490 2674 corrigens
504 2590 564 2649 Nn
579 2587 600 2650 ὃ
614 2584 678 2663 εἴτις
694 2585 768 2665 ἄλλη
788 2588 974 2674 δυςνχεςάτη,
989 2587 1132 2674 proximo
1149 2587 1238 2651 versu

206 2685 326 2766 deleto,
342 2687 447 2751 mirari
455 2689 503 2774 se,
518 2688 574 2766 ait,
588 2685 669 2752 viras
686 2687 804 2752 Graecae
817 2687 985 2774 dottiffimos
999 2699 1152 2775 tamquam
1169 2688 1238 2751 Eu-

205 2788 321 2875 ripidea
340 2788 490 2875 probasti:
508 2786 622 2863 -οὕτις
635 2786 709 2865 ἄλλη
724 2789 1038 2875 δυςυχεςᾶη-Ἐμιῦ·
1062 2781 1128 2852 Je'r.
1145 2786 1239 2853 Hal-

205 2889 320 2954 zlinum
331 2871 379 2952 'ad
395 2888 537 2978 Apollon.
554 2890 649 2953 Rhad.
665 2887 726 2952 III.
741 2909 794 2977 91.
830 2891 899 2954 Jac.
913 2891 1082 2978 Duportum
1097 2889 1237 2956 Praetea.

205 2991 239 3054 in
257 2990 401 3076 Tbaapbr.
419 2991 560 3055 Charatt.
579 3008 614 3079 p.
630 2991 712 3077 387:
738 3003 766 3054 et
785 2991 835 3055 Jn.
852 2991 1011 3077 Davistum
1034 2993 1077 3055 ad
1101 2992 1236 3057 Maxim.

86 3148 90 3155 .
207 3091 277 3175 Ijvr.
290 3090 421 3154 XXIII.
440 3111 530 3155 1.-:
554 3103 588 3154 at
598 3094 635 3178 st
648 3115 769 3179 negare,
789 3116 893 3156 marem
915 3094 992 3156 bunc
1004 3092 1165 3183 Euripidis
1174 3095 1237 3180 su·

205 3195 266 3282 iffi,
282 3207 371 3282 atque
384 3195 447 3258 baec
461 3194 493 3256 in
508 3192 562 3281 ssa
573 3195 713 3280 farmala
734 3195 870 3282 loquendi
885 3196 916 3258 in
936 3197 1102 3282 universam
1117 3197 1239 3260 tolerari

201 3297 289 3382 poffa.
326 3295 430 3383 Atqui
451 3294 531 3360 nihil
549 3295 726 3362 attulerunt
747 3295 914 3361 dottiffimi
932 3296 976 3361 illi
995 3296 1065 3376 virI,
1086 3296 1173 3383 quod
1195 3299 1237 3362 ad

205 3399 289 3464 hanc
317 3421 385 3464 rem
410 3397 579 3484 pertineat.
624 3399 711 3463 Nam
734 3397 767 3461 in
791 3397 965 3484 Apollonio
990 3398 1134 3465 Rhodio:
1158 3398 1236 3484 Ἥρη

203 3498 335 3578 Ἀθηναίη
350 3526 381 3564 τε
395 3499 514 3564 ati-Satri
526 3525 571 3563 κει
589 3498 658 3582 ὔμμι
676 3498 842 3582 pinis-affl
858 3498 928 3581 ἔμοι·
953 3522 1015 3563 non
1032 3522 1069 3563 ea
1083 3500 1127 3563 est
1142 3500 1235 3580 ratio,

206 3614 244 3665 ut
258 3601 369 3682 μάλιςα
391 3622 450 3687 pro
470 3607 580 3684 μᾶλλον
601 3615 751 3688 ponatur,
773 3599 826 3665 sed
848 3613 886 3665 ut
905 3608 1015 3682 μᾶλλον
1037 3623 1094 3687 per
1114 3602 1235 3688 ellipsrn

202 3701 349 3766 omissum
370 3703 418 3783 fit,
437 3726 509 3790 quae
525 3703 598 3769 sane
611 3705 653 3767 est
669 3703 792 3782 usitata,
815 3716 849 3767 et
870 3703 939 3768 haec
962 3703 1116 3768 sententia
1136 3705 1235 3768 intel-

202 3802 338 3899 ligatur:
361 3805 441 3869 Juno
459 3817 488 3869 et
508 3806 656 3870 Minerva
677 3829 730 3870 vas
752 3805 879 3869 maxime
900 3807 1074 3886 exaudiant,
1094 3818 1122 3868 et
1138 3809 1236 3895 magis

200 3927 291 3991 quam
311 3928 382 3969 nost
404 3906 489 3971 vobis
510 3908 607 3994 magis
627 3931 717 3995 quam
738 3907 819 3972 nabis
844 3907 1147 3995 obtemperantiffimae·
1155 3911 1234 3995 stnt.

199 4006 367 4092 Duportus
381 4030 456 4073 cum
478 4009 547 4074 aliis
568 4009 658 4088 loeis,
675 4010 756 4074 duos
770 4024 896 4075 tantum
911 4011 1027 4090 adfert,
1043 4011 1098 4097 qui
1111 4011 1234 4099 aliquid

199 4105 300 4172 valere
314 4108 499 4176 videanturr
524 4110 693 4197 Sophoclis
711 4111 825 4198 Antig.
844 4128 945 4196 1050:
969 4113 1097 4198 κράτιςον
1119 4117 1233 4196 κτημά-
