2692 4770
336 314 839 377 ruucurrucousucuuu
859 318 1004 394 punc.
1124 321 1182 388 ουν

158 473 255 561 pisco,
269 475 355 562 apud
376 477 521 543 Nonium
536 479 727 544 Marcellum
743 480 770 544 1.
788 498 818 544 1.
835 446 868 566 p.
886 497 927 548 με

328 625 361 690 Si
375 628 487 714 paffent
501 629 626 693 homines
640 629 837 693 delinimentis
850 630 929 718 capi,

328 726 433 791 Omnes
446 729 585 794 haberent
599 755 677 795 nunc
691 745 834 795 amalores
848 755 943 811 οπως

324 828 431 909 AEtas,
447 843 474 894 et
489 845 589 918 corpus
603 846 744 912 tenerum,
756 845 783 895 ιι
797 833 994 919 morigeratio,

325 929 405 992 Heca
415 933 618 1018 suntvenena
628 931 826 1019 fhrmosezmm
840 933 1004 999 mulierum.
1058 973 1061 977 ·

324 1033 419 1097 Mala
434 1048 510 1097 netas
524 1034 612 1098 nulla
626 1034 814 1100 delinimenta
827 1035 953 1100 invenit.

200 1205 272 1267 141.
285 1184 327 1250 C.
348 1183 618 1272 ἄμαχον-εὔνοιαν]
644 1186 753 1250 Habet
766 1187 911 1251 Stobaeus
925 1208 958 1272 p.
966 1204 1042 1267 442.
1058 1199 1092 1250 et
1105 1186 1179 1268 άμῆ-

151 1314 241 1374 χανον
255 1309 313 1374 pro
326 1286 453 1373 ἄμαχον,
467 1301 506 1352 ut
519 1289 556 1353 T.
594 1288 773 1374 Vulgatum
792 1288 958 1374 praefcram
971 1291 1014 1354 ob
1027 1288 1181 1354 librorum

155 1391 354 1457 consensum.
393 1391 445 1456 Sic
469 1391 655 1456 Plutarchus
669 1392 814 1480 Sympos.
831 1394 890 1457 IV.
911 1414 944 1478 p.
956 1393 1030 1476 667.
1047 1393 1087 1457 C.
1101 1390 1181 1474 ἅμα·

152 1516 208 1576 χος
221 1493 410 1580 φιλοφροσύνη,
425 1494 541 1556 eomitas
558 1492 810 1580 inexpugnabilis,
825 1493 871 1556 ιιιῖ
884 1491 931 1557 nil
943 1491 1066 1579 resssere
1081 1490 1181 1580 potest.

154 1593 208 1655 De
222 1593 365 1658 Discern.
382 1593 480 1657 Adul.
494 1606 528 1658 ct
540 1594 618 1658 Am.
632 1615 666 1680 p.
676 1595 729 1677 67.
740 1595 784 1658 B:
808 1592 922 1680 ἄμαχος
937 1599 950 1656 ὁ
963 1593 1036 1669 τίνος
1048 1599 1096 1670 τῆς
1106 1599 1181 1680 παρ’·

152 1693 250 1779 ρησίας
269 1694 343 1768 οὗτός
363 1699 416 1774 ἐςι,
441 1694 534 1781 καδτῇ
557 1696 710 1780 γλυκύτητι
727 1703 776 1759 τοῦ
797 1700 980 1770 νουθετοῦντος
999 1695 1130 1760 ἐπιτείνων
1148 1698 1181 1761 τδ

155 1798 250 1883 πνκρδν
269 1795 315 1875 κα)
336 1799 449 1884 αὖςηρδν
467 1803 514 1874 τῆς
535 1795 686 1871 νουθεσίας.
722 1796 866 1861 Antonio
886 1818 920 1882 p.
936 1816 1011 1883 940.
1027 1797 1067 1861 C.
1084 1797 1180 1862 Cleo-

152 1909 249 1980 patra
274 1898 418 1976 timebat,
444 1922 484 1962 ue
509 1897 651 1976 Ouavia,
673 1905 720 1961 τοῦ
740 1896 838 1984 τρόπον
859 1904 892 1984 τῇ
913 1898 1056 1977 σεανάσητι
1080 1898 1181 1986 arelefi

155 1997 300 2086 Καίσαρος
321 2000 427 2082 δυνάμσι
447 1996 683 2086 προσκτησαμένη
704 1999 736 2061 τδ
752 2001 918 2079 καθζὴδονην
939 2004 1040 2082 δμιλέον
1055 2028 1076 2086 ορ
1092 2006 1179 2088 θερα-

153 2100 253 2178 auiae,
268 2099 382 2187 ἄμαχος
395 2101 505 2185 γίνητοη
519 2103 540 2188 'i
557 2102 678 2187 κρατῆση
691 2100 868 2165 παντάπασιν
883 2107 931 2165 τοῦ
945 2100 1092 2190 &ciple-m
1127 2104 1179 2169 Si·

155 2203 273 2268 militer
287 2203 503 2289 pulchritud0,
524 2204 650 2289 άμοιχος,
675 2203 826 2290 Pompeio
846 2224 880 2292 p.
894 2207 968 2274 620.
983 2206 1034 2270 A:
1058 2204 1182 2288 φοὸηθεδς

154 2308 203 2382 τὴν
224 2304 368 2392 εὐμορφίαν
389 2309 471 2381 αὐτῆς
485 2305 599 2390 ἄμαχόν
612 2332 673 2369 τινα
687 2304 734 2386 καί
746 2304 908 2394 περνὸίητσν
921 2306 1015 2373 οὖσαν.
1050 2306 1180 2374 Aristae·

155 2421 250 2470 netus
265 2408 292 2469 I.
309 2426 361 2487 24.
389 2407 536 2471 AElianus
550 2411 582 2471 V
582 2431 626 2472 ar.
643 2408 723 2472 Hist.
740 2408 836 2472 XIII.
853 2429 882 2473 1.
915 2410 978 2474 Sed
992 2423 1025 2474 et
1037 2411 1181 2497 ἀμήχανος

155 2506 270 2572 eodem
295 2508 383 2573 sensu
404 2508 531 2586 dicitur,
554 2510 590 2572 de
606 2509 641 2572 vi
655 2508 707 2571 vel
727 2509 938 2589 benevolentia,
954 2511 1000 2574 cui
1013 2510 1100 2575 nulla
1114 2536 1180 2576 ma-

153 2609 241 2673 china
256 2621 285 2671 et
302 2623 367 2673 arte
385 2609 472 2696 reststi
486 2608 586 2696 potest.
624 2608 794 2673 Plutarcho
810 2611 939 2695 Septem
954 2612 1030 2697 Sap.
1047 2610 1179 2679 Conviv.

154 2732 189 2796 p.
207 2714 277 2796 163.
293 2712 319 2774 B
332 2737 339 2774 :
363 2711 507 2797 ἁμηχανάν
519 2737 580 2774 τινα
594 2718 641 2774 τοῦ
658 2713 792 2790 βοηθῆσοη
804 2717 838 2797 τῇ
849 2711 975 2799 παρθίνομ
986 2712 1140 2797 προθυμίαν
1153 2719 1180 2778 ἑν

152 2818 194 2898 τῷ
211 2813 273 2876 τότε
291 2814 381 2876 στάθεν
400 2811 546 2876 λαθών-.
587 2812 675 2877 Plato
696 2815 808 2899 Symp.
833 2833 865 2897 p.
880 2832 956 2898 334.
972 2817 1011 2879 E.
1035 2815 1180 2902 άμίηχανον

154 2912 271 2986 κάλλος.
310 2914 421 2979 Utrius
436 2914 581 2978 vocabuli
592 2914 653 2978 hac
672 2913 803 2978 notione
815 2915 961 3002 exempla
973 2913 1063 2981 dedit
1074 2919 1179 2984 Abre·
1251 2912 1256 2921 ¹

154 3014 258 3080 sebius
271 3016 311 3080 ad
325 3018 502 3082 Aristaencti
517 3018 538 3081 I.
551 3040 580 3082 c.
595 3017 685 3083 lau.
701 3038 734 3103 p.
753 3038 824 3099 140.

200 3137 271 3199 141.
294 3119 334 3183 C.
367 3120 462 3182 Πάλιν
490 3127 505 3197 ἡ
529 3120 886 3207 Ὀλυμπιὰς-δακτύλοις]
926 3123 974 3186 Ex
1000 3121 1180 3210 Phylarcho

156 3238 261 3284 narrat
282 3221 460 3285 Athenaeus
476 3223 570 3285 XIII.
592 3244 626 3307 p.
641 3223 714 3307 609.
731 3221 778 3285 C:
802 3221 935 3301 Καλλίςη
955 3221 1021 3300 δην
1036 3221 1082 3299 καὶ
1095 3230 1178 3287 Παν-

154 3318 222 3382 τίκα
242 3327 257 3397 ἡ
277 3322 400 3408 Κυπρία,
419 3325 487 3410 περὶ
506 3322 536 3398 ἧς
555 3342 619 3404 φησι
633 3322 786 3407 Φύλαρχος
800 3325 826 3385 ἐν
838 3326 872 3410 τῇ
886 3323 984 3410 δεκάτη
997 3330 1050 3387 τῶν
1065 3329 1178 3411 ίςοριυῖν,

154 3421 194 3486 ire
213 3425 286 3508 παρ’
305 3425 476 3506 Ὀλυμπιάδι
498 3423 581 3486 οὖσαν
601 3429 635 3509 τῇ
655 3424 824 3510 Ἀλεξάνδρου
847 3425 930 3512 μητρὶ
950 3423 1005 3510 ᾔτει
1026 3427 1098 3511 πρὸς
1118 3426 1199 3510 γά-·

153 3549 205 3606 μον
219 3525 341 3606 Μόνιμος
356 3530 368 3586 δ
383 3524 534 3599 Πυθίωνος·
558 3526 579 3611 ’i
595 3524 647 3589 ἐπεῖ
661 3522 690 3602 ἦν
705 3525 843 3600 άκίλαςθς
854 3532 869 3602 ἦ
882 3525 962 3610 ssim,
977 3524 1022 3608 ἔφη
1036 3533 1051 3603 ἦ
1065 3529 1178 3609 Ὀλυμ·

153 3629 229 3704 πιοὶς,
243 3622 287 3687 'ss
302 3627 415 3712 πονηρὲ,
431 3629 486 3699 τοῖς
501 3629 653 3707 ὀφθαλμοῖς
671 3632 770 3710 γαμεῖς
789 3627 836 3690 καῖ
851 3630 880 3688 οὐ
892 3632 932 3712 τῷ
946 3631 991 3711 νῷ.
1027 3626 1180 3694 Similiter

154 3725 276 3789 diuerat
297 3725 464 3811 Euripides
480 3725 511 3789 in
527 3725 640 3790 codem
655 3740 857 3813 argumento,
876 3729 1067 3813 Fragmento
1083 3728 1178 3795 0le

152 3825 246 3912 -κᾷν
261 3825 379 3914 ἄμορφος
392 3824 407 3911 ᾖ
420 3824 517 3905 στάσις,
532 3830 593 3910 Χρὴ
607 3828 690 3891 δοκεῖν
702 3825 830 3913 εὔμορφον
843 3827 907 3906 alneu
919 3834 953 3913 τῇ
966 3853 1003 3913 γε
1015 3837 1072 3893 νοῦν
1085 3832 1179 3908 neuin·

153 3926 231 4013 μένη.
268 3931 312 3989 Οὐ
333 3933 392 4013 γὰρ
412 3930 554 4010 ὀφθαλμδς
574 3928 607 3990 πδ
623 3935 714 3990 ταῦτα
732 3926 817 4015 κρῖνίν
836 3931 902 4007 lfa,
923 3933 1002 3993 άλλοὶ
1016 3937 1083 4004 νοῦς.
1115 3929 1180 3996 Di·
1293 3991 1297 3997 .

153 4028 231 4115 gitis
245 4050 376 4093 uxorem
395 4028 511 4093 ducere
528 4028 659 4114 exponit
677 4029 742 4115 ipse
758 4029 957 4110 Plutarchus,
966 4031 1181 4119 supputantem

154 4130 282 4193 divitias
305 4130 404 4194 τινοτῖο
429 4154 463 4194 οι
483 4129 588 4193 dolen.
633 4130 686 4194 Sic
709 4129 750 4194 dc
771 4152 864 4195 avaro
879 4131 966 4197 Dion
988 4131 1101 4220 Chrys.
1121 4130 1181 4199 Or.

157 4231 216 4297 IV.
237 4254 270 4318 p.
285 4247 337 4315 74.
353 4237 399 4298 B:
422 4233 591 4321 ἁρπακτικὸν
603 4229 724 4312 βλίπονν,
739 4229 781 4297 aa
795 4238 873 4297 κινῶν
884 4233 946 4308 τοὺς
959 4230 1110 4313 δακπίλυς,
1122 4232 1181 4311 ἦτοι

627 4352 647 4417 3
664 4352 723 4414 1·4
