2692 4770
197 412 200 418 .
241 333 467 399 CONSOLAT.
483 335 539 395 AD
553 335 836 396 APOLLONIUM.
850 357 878 414 p.
888 336 992 398 nir.
1075 344 1135 422 799

103 495 179 584 xyt.
195 497 239 562 A.
255 499 293 563 B.
306 497 346 564 C.
357 497 397 563 Ε.
412 500 456 563 Ν.
471 497 588 565 Venet.
604 499 690 566 Voss.
714 500 815 565 Periz.
837 498 959 565 habent
978 523 1042 565 non
1058 501 1133 588 qui·

103 597 174 663 dem
191 599 376 681 absurdum,
395 600 446 664 sed
469 614 577 665 tamen
597 614 727 687 recepto
749 600 1003 688 postponendum
1014 604 1134 691 χρησά-

100 721 188 781 μενος·
211 714 339 788 poterat
360 702 473 787 accipi,
498 709 614 765 arctiore
635 715 719 766 utens
731 701 805 789 filio
828 713 894 766 tuo':
917 725 1013 789 quam
1035 704 1135 771 Verbi

102 800 269 866 notionem
293 802 495 889 exposuimus
521 825 553 889 p.
578 819 630 888 25.
650 804 694 867 D.
732 803 898 868 Sententia
922 803 1079 870 celebrata
1101 805 1137 873 in·
1228 793 1231 798 ⁵

101 902 313 967 consolatorio
327 918 531 990 argumento.
548 926 577 966 v.
589 928 619 969 c.
653 904 768 969 Cicero
779 905 874 969 Tusc.
886 906 947 968 111.
959 925 1018 991 30:
1034 931 1136 973 -aon
1190 910 1200 925 ⁸

103 1003 273 1068 adtribuere
287 1005 332 1067 ad
350 1005 409 1067 ami
433 1029 523 1068 ionem
539 1005 697 1070 amicorum
711 1005 855 1093 miseriam
869 1005 1005 1091 nostram,
1021 1031 1057 1070 ae
1071 1007 1137 1074 illos

100 1101 180 1190 plus,
197 1130 286 1192 quam
301 1105 356 1192 ipſs
366 1106 474 1184 velint,
481 1107 517 1191 st
524 1107 672 1191 sentiant,
686 1107 755 1195 plus
769 1118 855 1186 certe,
867 1131 955 1194 qaam
969 1109 1074 1194 nffmet
1088 1108 1135 1196 ip-

92 1205 155 1291 sos,
171 1206 344 1294 diligamus.
382 1206 507 1271 Servius
524 1206 685 1294 Sulpicius
701 1207 798 1293 Epist.
813 1207 853 1271 ad
870 1206 1059 1273 Ciceronem
1077 1211 1135 1276 IV.

103 1319 122 1388 5
136 1329 145 1370 t
171 1307 261 1393 Quod
268 1309 304 1393 st
316 1307 382 1394 qais
395 1308 484 1371 etiam
498 1306 601 1394 affaris
610 1309 716 1395 senfin
732 1306 780 1392 est,
803 1307 854 1394 qai
868 1307 949 1370 illias
968 1310 999 1372 in
1014 1321 1042 1372 te
1056 1335 1139 1376 amor

92 1405 164 1490 suit
180 1409 331 1496 pietasque
339 1408 376 1472 *in
390 1433 485 1472 omnes
494 1410 579 1495 suos,
596 1410 646 1472 boc
660 1419 735 1471 certe
751 1409 808 1471 ilia
823 1421 850 1471 te
861 1407 970 1493 facere
983 1434 1041 1474 non
1054 1411 1137 1481 vult.

106 1509 158 1571 Da
181 1510 232 1573 hoc
253 1509 301 1573 illi
322 1522 460 1573 mortaae:
490 1510 531 1572 da
552 1510 663 1572 caeteris
682 1510 783 1575 amicis
806 1521 833 1572 et
843 1509 1069 1600 familiaribus,
1085 1513 1139 1601 qui

105 1621 153 1674 tuo
167 1610 266 1674 dolore
279 1622 417 1675 moerent:
441 1612 482 1674 da
493 1610 614 1698 patria,
629 1623 675 1690 at,
686 1612 723 1696 st
731 1636 790 1698 qua
805 1612 837 1673 in
852 1636 883 1673 re
898 1626 968 1698 opus
978 1612 1036 1697 ſst,
1051 1628 1138 1701 opera

106 1724 133 1774 et
154 1712 268 1797 confilio
290 1724 339 1775 tao
362 1711 407 1775 ati
426 1711 521 1800 poffit.
563 1713 684 1777 Seneca
712 1711 876 1777 Consolat.
899 1711 939 1775 ad
969 1713 1138 1800 Polybium

106 1813 242 1888 XXIII-2
266 1812 354 1875 Illud
372 1837 484 1900 quoque
499 1825 527 1875 te
541 1836 598 1875 non
619 1811 779 1875 minimam¹
792 1813 958 1900 adjuverit,
969 1814 1005 1898 st
1022 1815 1139 1901 cogita·

105 1915 197 1993 veris,
222 1914 302 1978 nulii
325 1915 421 1977 minus
441 1927 566 1999 gratum
592 1914 645 1998 ff
667 1912 794 1977 dolorem
818 1926 911 1994 tuum,
936 1938 1025 2001 qaam
1047 1915 1073 1978 ei
1093 1917 1141 1982 cai

63 2004 64 2007 Ἴ
104 2015 240 2102 praestari
253 2015 384 2080 videtur.
415 2014 557 2102 Torqueri
570 2013 623 2076 iile
636 2028 664 2077 te
677 2025 730 2078 aut
745 2013 893 2091 nonvult,
909 2027 1033 2079 autnon
1047 2017 1139 2080 intel·

106 2116 184 2205 tigit.
223 2115 323 2180 Nulla
346 2117 447 2202 itaque
466 2117 526 2203 q'us
545 2114 633 2199 officii
648 2116 724 2180 ratio
739 2113 788 2200 ιβ,
803 2116 882 2203 quod
900 2116 926 2179 ei
947 2116 993 2179 cai
1010 2116 1139 2204 prasta-

107 2230 165 2298 tar,
176 2219 212 2303 fi
223 2218 303 2282 nibil
311 2218 418 2304 sentit,
431 2218 652 2304 superornatam
667 2214 723 2301 est.-
733 2217 770 2301 st
776 2216 884 2301 sentit,
900 2217 1065 2304 ingratum.
1096 2223 1140 2287 Et

107 2319 283 2406 proprietas
305 2317 584 2382 animadvertenda
606 2318 638 2382 in
661 2318 761 2381 verbis
782 2319 931 2405 ris-napi
946 2320 977 2382 τί
993 2327 1077 2403 σῶμα
1090 2324 1139 2388 καί

106 2423 152 2497 τὴν
172 2423 268 2507 ψυχὴν
294 2419 442 2492 κακώσεως
467 2417 514 2494 nai
539 2424 732 2505 καταφθορᾶς,
758 2417 904 2482 -reliHa
931 2418 986 2505 ista
1015 2424 1140 2511 corporis

108 2522 255 2607 animique
270 2520 428 2607 afflictione
442 2532 469 2583 et
483 2519 651 2583 vexatione.
690 2521 764 2582 Hoc
778 2518 869 2583 fimili
887 2519 920 2583 in
938 2521 1063 2586 monito
1081 2524 1140 2588 ad·

108 2621 197 2687 hibet
210 2622 303 2686 'seles
317 2621 404 2706 apud
425 2621 591 2685 Stobaeum
610 2621 675 2684 Tit.
693 2619 782 2685 CVI.
807 2642 840 2706 p.
855 2635 939 2704 577:
963 2627 1032 2696 Πῶς
1049 2625 1076 2686 δὲ
1091 2630 1140 2698 οὐκ

109 2721 209 2808 ἄλογον
229 2724 277 2787 καί
299 2720 393 2797 ἄλλως
412 2723 543 2805 μάταιον,
562 2724 606 2800 τὸ,
621 2722 834 2798 τελευτήσαντος
850 2729 899 2784 τοῦ
913 2721 994 2803 φίλε,
1008 2730 1142 2808 >casium

108 2825 241 2888 κλαίοντα
256 2825 278 2911 'i
292 2825 455 2908 λυπούμενον
470 2822 515 2903 καί
533 2826 627 2887 ἑαυτὸν
639 2819 922 2910 προσκαίοιφθείροννα
930 2845 941 2901 3
965 2823 1021 2887 δίον
1034 2826 1079 2889 ίνα
1094 2827 1142 2910 καί

108 2950 147 3000 τις
160 2931 271 3009 μᾶλλον
286 2924 429 3008 φιλόσοφος
445 2926 505 3010 δόξῃ
520 2929 596 3011 παρὰ
614 2928 670 2998 τοῖς
684 2924 881 3004 ἀποπλήκτοις,
903 2925 953 3011 πρὸ
971 2933 1020 2989 τοῦ
1040 2944 1140 2994 rento·

108 3032 187 3105 τῆνον
207 3030 255 3092 τὸν
268 3027 346 3110 φίλον
360 3028 494 3102 ίδονῖιθαν
508 3027 555 3089 καί
571 3024 687 3103 κλαίειν,
702 3024 894 3106 ἐνθυμούμενον
909 3023 948 3088 ὅτι
967 3031 1042 3113 αὐτῷ
1062 3035 1075 3093 ὁ
1093 3031 1141 3113 pt.

109 3143 154 3203 λος
174 3131 272 3207 θνητὸς
287 3128 392 3214 ἐγένετο
407 3126 453 3205 καὶ
472 3127 631 3213 dispono:
656 3126 696 3190 fio
716 3125 907 3190 restituenda
925 3127 1050 3207 uidetur
1069 3130 1142 3197 sen·

108 3230 220 3310 tentia,
234 3229 430 3316 corrigendis
445 3229 546 3293 verbis
561 3233 589 3291 ού
612 3228 733 3305 &tration
748 3226 853 3291 κλαίειν
867 3228 1090 3315 mutandisque
1107 3233 1140 3299 in

108 3333 242 3410 ν’ὃονοῑθαν
255 3332 277 3418 νζ,
292 3331 415 3394 annium:
440 3344 536 3415 atque
553 3328 714 3393 reddenda
728 3327 785 3391 fic:
812 3328 957 3392 Quomodo
972 3341 1143 3398 autemnon

109 3430 239 3521 ineptum
253 3445 281 3495 et
295 3431 470 3518 caeteroquin
485 3432 580 3494 inane·
590 3427 640 3516 est,
654 3440 764 3492 mortuo
784 3429 874 3492 amico
885 3430 991 3515 sedere
1000 3430 1141 3515 flentem,

109 3532 263 3612 dolentem,
278 3534 316 3619 β
339 3533 430 3621 ipsum
456 3531 670 3618 affligentem?
699 3553 788 3615 qaam
809 3530 908 3616 potius
932 3544 1083 3617 oporteret,
1110 3548 1144 3600 nt

109 3634 172 3719 quis
188 3635 287 3721 magis
300 3634 389 3697 etiam
408 3631 593 3720 philosophus
605 3630 760 3695 videretur
773 3631 857 3717 apud
875 3629 1000 3694 homines
1014 3633 1143 3721 insanos,

109 3748 288 3824 anteaquam
306 3746 437 3798 mortuus
460 3735 525 3820 effet
549 3733 672 3810 amicus,
695 3730 793 3794 datm
812 3756 848 3794 ac
858 3729 951 3816 flere,
966 3735 1145 3820 cogitantem

100 3837 135 3919 β
146 3837 256 3902 habeta
269 3836 393 3899 amicum
407 3830 558 3913 mortalem
576 3843 604 3896 et
618 3832 770 3896 bominem.
809 3831 903 3896 Ratio
917 3833 962 3896 ita
981 3836 1142 3904 neiiitur:

110 3960 210 4024 quum
224 3936 394 4003 absurdum
411 3936 447 4000 stt
461 3950 625 3998 mortuum
640 3933 780 3997 amicum
801 3933 888 4010 flere,
911 3934 1017 4002 minus
1031 3938 1142 4004 absur·

110 4039 186 4105 dum
209 4039 253 4104 est
276 4039 382 4103 vivum
403 4038 490 4115 flere,
516 4034 668 4121 siquidem
690 4035 759 4097 vivo
775 4033 846 4121 jain
869 4051 1006 4100 mortem
1032 4037 1144 4117 instare

111 4141 224 4206 scimus
235 4166 246 4222 3
270 4139 382 4218 immo,
396 4151 434 4202 ut
449 4137 533 4201 inter
548 4135 669 4215 stultos,
693 4134 756 4199 hoc
778 4134 956 4226 philosophi
975 4139 1029 4203 eti.
1065 4142 1142 4207 Hu-

106 4239 244 4326 jusmodi
273 4263 345 4307 mos
371 4238 532 4307 ferebatur
552 4237 714 4305 Thracum
744 4237 907 4305 nascentes
935 4240 1143 4326 plorantium,
