2692 4770
333 328 387 389 nn
408 327 729 390 smsnsnruoun.
742 329 885 406 μονον.
1050 337 1122 389 rom

94 489 153 554 elis
175 489 261 556 diuo
279 513 332 579 ap.
348 491 458 558 Schol.
473 492 584 580 Apoll.
602 490 707 559 Rhod.
720 492 769 557 Π.
787 508 888 577 1213:
911 488 1063 553 -uoeisra
1082 496 1120 555 ls-

93 595 143 678 ςοὶς
161 592 290 677 τριόδους,
305 594 515 676 ςνρσνοοσοιμένη
533 597 607 681 δρυσὶ
625 595 648 680 ’l
666 596 803 668 πλεκτοῖς
815 594 896 676 ὁμοῖν
909 589 1033 677 σσᾶρρσν
1052 594 1120 678 δρα·

92 692 202 758 κόπων.
237 697 286 760 Ita
297 695 478 761 Brunekius
493 695 595 761 edidit
606 698 646 760 T.
657 697 702 760 11.
718 698 844 782 Fragm.
856 716 889 781 p.
903 709 959 778 27:
975 706 1010 757 at
1020 685 1125 758 vale

90 794 241 860 kenarius
263 797 295 861 in
317 797 459 862 Distrib.
480 818 514 884 p.
531 799 602 882 167.
621 797 737 862 valera.
771 797 859 861 Hinc
880 795 1020 882 δμοορόρος
1036 796 1120 860 Bac·

90 895 229 983 chylidae
259 897 377 962 dicitur
403 897 490 984 apud
517 899 627 964 Schol.
656 897 767 984 Apoll.
794 897 900 964 Rhod.
924 898 986 961 111.
1007 915 1041 977 4.
1063 897 1118 980 67.
1238 939 1241 943 -

88 1019 185 1082 quem
204 1001 341 1066 correxit
361 1001 571 1068 Ruhnkenius
591 1001 632 1066 ad
655 1003 779 1090 Hymn.
798 1000 830 1064 in
850 999 924 1066 Cer.
940 1018 992 1080 ομ
1004 999 1118 1062 Ἑκάτα
1236 1024 1238 1028 ·

86 1099 239 1188 δρδοφοςος,
253 1104 363 1178 Νυκτὸς
377 1103 581 1188 μσγαλοκόλσν
594 1102 731 1189 θύγατερ·
753 1100 808 1166 ubl
821 1099 1027 1182 μνλανονόλπου
1041 1098 1116 1165 scri·

87 1199 229 1265 bendum
244 1216 368 1288 putem.
405 1205 523 1290 Neque
542 1225 615 1269 vero
629 1203 648 1268 fi
664 1204 735 1289 quis
752 1202 839 1290 legat
852 1199 1049 1279 ἁνακναίσσον,
1063 1221 1115 1264 re-

86 1323 229 1387 pugnem
240 1328 251 1385 3
278 1306 400 1369 rodendi
422 1305 511 1370 notio
531 1328 595 1371 non
617 1307 808 1372 abhorrete
828 1326 861 1369 re
883 1301 1058 1389 proposta:
1082 1313 1117 1365 et

85 1402 157 1489 ipfis
173 1405 337 1492 puerperis
355 1405 490 1472 dabatur
509 1407 629 1472 malum
649 1406 736 1493 quod
754 1402 1115 1491 roderent,quus1sero·

85 1504 192 1571 dendo
206 1500 351 1572 adversus
375 1507 543 1574 rodentem
560 1510 664 1573 Deam
681 1521 869 1573 tuerentur:
892 1505 991 1591 quod,
1006 1503 1039 1569 ni
1053 1504 1114 1568 fal·

83 1605 146 1687 lor,
163 1607 292 1674 Plautus
309 1608 481 1697 significare
501 1609 601 1675 voluit
621 1609 860 1696 Amphitryone
876 1609 920 1681 II.
936 1626 968 1672 2.
982 1625 1039 1692 91:
1063 1605 1114 1669 E-

82 1708 144 1772 nim
166 1735 237 1775 vero
256 1711 432 1798 praegnanti
452 1722 581 1799 opportet
597 1723 626 1774 et
641 1710 754 1775 molum
777 1722 804 1773 et
824 1708 936 1773 malum
957 1708 1048 1787 dari3
1075 1707 1116 1772 Ut

82 1811 163 1895 quod
174 1811 308 1890 obrodat,
320 1811 378 1896 stt,
395 1810 493 1874 anime
502 1811 539 1895 fi
548 1809 626 1874 mele
639 1811 691 1897 effe
705 1809 863 1897 occeperit.

34 1968 43 1980 .
126 1911 189 1975 Sed
211 1912 355 1998 quamvis
376 1911 442 1997 ipsa
464 1910 578 1998 praeses
595 1911 764 1998 puerperii,
786 1923 894 1974 tamen
912 1907 968 1994 qui
986 1908 1018 1972 id
1036 1906 1113 1973 atti·

80 2008 209 2096 giffent,
227 2026 261 2076 et
279 2013 359 2099 ipsas
378 2036 560 2101 puerperas,
576 2014 785 2091 aversabatur,
807 2025 841 2077 et
862 2025 1027 2097 tamquam
1049 2009 1112 2075 im·
1129 2002 1132 2007 ’

80 2133 178 2197 puros
196 2134 215 2175 a
234 2112 327 2178 saeris
342 2114 404 2179 suis
418 2116 555 2179 arcebat.
591 2116 701 2201 Atque
723 2112 788 2178 huc
808 2111 933 2177 videtur
947 2111 1046 2177 totius
1059 2134 1111 2177 ar·
1223 2134 1225 2141 ·

77 2225 272 2297 gumentum
286 2214 460 2302 fragmenti
475 2214 626 2301 spedare,
639 2213 728 2301 quod
741 2214 812 2278 Dea
828 2213 972 2299 impuros
986 2234 1023 2307 ae
1037 2211 1111 2298 pol-
1190 2230 1194 2237 ’

78 2311 166 2376 lutos
190 2313 296 2400 aliqua
319 2316 461 2402 corporis
483 2330 574 2402 parte
596 2316 743 2380 homines
763 2336 890 2394 vexans,
913 2327 1020 2378 tamen
1045 2314 1112 2400 ipsa

78 2414 111 2478 in
127 2418 346 2504 purgamentis
362 2419 527 2484 triviorum
543 2419 691 2484 versetur.
728 2416 838 2505 Hujus
855 2418 899 2482 est
912 2416 1110 2501 reprehensio

77 2517 240 2604 Euripidis
255 2518 287 2582 in
300 2520 438 2585 Dianam
455 2519 563 2608 Iphig.
577 2523 674 2586 Taur.
685 2521 771 2605 380:
793 2524 841 2583 Τὰ
853 2524 901 2596 τῆς
913 2523 977 2581 θεοῦ
991 2518 1018 2580 δὲ
1031 2517 1109 2601 μέμ·
1126 2513 1128 2522 ’

76 2637 162 2701 φομου
184 2619 360 2703 σοφίσματα,
375 2618 474 2702 Ἥτνς,
494 2624 598 2708 βροτῶν
619 2622 669 2704 μὶν
682 2619 716 2683 ἄν
728 2646 770 2695 τις
787 2619 892 2700 niumm
909 2618 987 2702 psus,
1000 2617 1044 2682 Ἣ
1060 2621 1108 2682 καὶ

74 2720 202 2806 λοχείας,
219 2720 233 2797 ἢ
248 2731 339 2808 νεκροῦ
352 2722 420 2809 θίγῃ
438 2726 545 2810 χεροῖν,
561 2728 666 2804 Βωμῶν
686 2721 820 2809 ἀπείργει,
841 2723 964 2808 μυσαρὸν
978 2722 1014 2796 ὥς
1032 2727 1107 2806 irps·

74 2820 164 2903 με’νη.“
187 2826 263 2900 Αὐτὴ
289 2825 315 2885 δὲ
343 2822 453 2898 θυσίαις
478 2825 568 2903 ἥδετσρ
592 2823 781 2911 βροΊοκσόνονς.
816 2821 1048 2908 Theophrastus
1073 2821 1106 2887 in

74 2922 266 2988 chamuere
295 2923 522 3009 Superstitiofi:
550 2923 654 2988 -οὗτε
679 2921 799 3005 sessim
824 2924 959 3007 μνήματι,
984 2921 1038 2987 οὔτ’
1062 2925 1104 2987 ἐπὶ

72 3027 163 3108 νεκρὸν
182 3028 281 3105 ἐλθεῖν,
302 3024 356 3090 οὔτ’
373 3027 415 3090 lxi
433 3026 525 3113 λίχα,
540 3026 596 3092 ubi
613 3026 696 3092 forte
709 3024 885 3113 legendum
899 3026 942 3088 ssi
956 3023 1048 3111 λοχῶ,
1063 3026 1109 3089 ad

69 3140 257 3213 puerperam,
275 3127 439 3193 Cornutus
460 3151 493 3214 p.
510 3147 584 3214 232.
621 3127 816 3215 Porphyrius
836 3129 889 3192 De
904 3126 1104 3194 Abstin.1V.

73 3230 125 3290 16.
149 3248 181 3313 p.
196 3246 273 3312 353.
296 3227 328 3291 in
351 3227 515 3292 Eleusiniis
529 3226 693 3314 proditum
712 3228 829 3315 seripfit
847 3229 895 3292 nal
910 3228 1003 3306 ἐπίσης
1015 3255 1103 3312 μεμι-

70 3328 152 3409 sos,
165 3334 205 3413 τῷ
222 3354 252 3391 τε
271 3328 362 3415 λέχος
375 3327 508 3409 ἅψοιθσρ,
523 3333 558 3404 ὥς
571 3336 612 3416 τῷ
627 3330 790 3408 borodim·
814 3341 842 3393 et
859 3353 944 3417 aeque
960 3330 1101 3394 contami·

70 3434 140 3496 neri
158 3440 240 3497 tadu
259 3445 452 3521 puerperae!
468 3434 642 3498 animalium
657 3447 847 3513 mortuorum
871 3435 917 3499 ita
928 3432 1014 3498 enim
1029 3455 1102 3499 cor-

71 3533 239 3620 rigendum
254 3546 418 3621 praeeunte
432 3534 549 3620 partim
567 3534 772 3600 eruditiffimo
785 3533 973 3600 Abreschio.
1010 3533 1101 3601 Idem

69 3634 189 3700 ibidem
211 3657 245 3722 p.
260 3637 337 3722 365.
359 3637 493 3722 apponit
513 3636 673 3722 Euripidis
698 3635 806 3702 locum
828 3636 963 3702 relatum
986 3637 1101 3703 Grotio

66 3740 216 3824 Excerpt.
241 3760 274 3825 p.
288 3757 364 3825 391.
401 3738 585 3826 Musgrsvio
601 3740 641 3805 Τ.
658 3739 720 3803 111.
745 3761 777 3825 p.
792 3755 868 3824 557.
882 3739 939 3804 ubi
952 3752 1101 3807 montana

67 3839 146 3902 Deae
167 3840 363 3904 mentionem
387 3839 507 3904 faciens
528 3840 628 3928 mysia
648 3839 735 3905 Jovis
754 3839 844 3919 ldaei,
867 3839 952 3906 illius
970 3862 1099 3926 quoque

66 3939 261 4005 abstinentiae
276 3940 464 4027 religionem
480 3941 582 4006 canit:
605 3943 734 4029 -ματρὶ
752 3944 777 4005 τ’
797 3941 869 4031 ὀρείᾳ
888 3944 970 4028 δᾷδας
983 3940 1099 4026 ἂναχοὶν

62 4041 258 4105 -οσᾶνλοοκοο
271 4043 293 4103 δ’
307 4042 380 4127 ἔχων
399 4043 502 4125 εἵματα
517 4041 622 4127 φεύγοι,
640 4041 748 4127 γένεσίν
764 4068 795 4106 τε
809 4045 925 4130 βροτῶν,
943 4041 989 4121 καὶ
1003 4065 1096 4129 νοκρο·

64 4142 148 4217 θῆκης
164 4146 192 4204 οὐ
207 4142 456 4228 χρνμσῖὸμενος-·
481 4141 596 4212 diserte
609 4142 703 4209 vertit
718 4143 850 4208 Grotius
869 4142 995 4231 -frtgio
1012 4144 1096 4206 Par·

64 4254 111 4311 tus
126 4243 284 4328 bominum,
301 4267 425 4338 quaequc
434 4242 569 4337 sepultos
582 4243 780 4309 Monumenta
794 4255 902 4311 emens.
937 4246 1011 4338 lam
1027 4244 1097 4311 Tri.

534 4362 632 4431 3⁰4
