2692 4770
309 314 463 377 SEPIEM
478 318 657 377 SAPIENT.
671 316 841 377 CONVIV.
855 314 1039 394 p.157.E,I⁴'.
1129 316 1190 391 969

157 496 193 561 p.
208 475 281 540 618.
296 478 339 541 D.
362 480 417 544 ubi
437 494 470 546 et
492 481 579 547 hunc
600 481 761 546 Plutarchi
784 479 892 545 locum
908 479 1011 543 adfert
1029 477 1189 542 Casaubo-

154 593 231 640 nus,
266 577 387 643 Polluci
404 583 462 646 IV.
476 602 532 667 53.
554 584 632 649 VII.
650 583 722 647 180.
738 581 779 646 ad
793 580 862 668 ejus
878 579 1113 644 fimilirudinem
1129 581 1189 642 ἑπι-

154 678 254 759 aruo,
279 680 386 744 Diana
408 685 553 749 conlecta
574 684 658 770 apud
679 685 812 748 Sextum
831 681 954 768 Empir.
977 679 1060 745 Adv.
1081 677 1189 745 Math.

142 779 218 845 IX.
237 783 308 867 185.

204 902 275 968 157.
294 888 331 949 E.
360 887 465 952 -ὅσον
486 894 512 953 ὲν
535 889 672 976 μαλάχῃ]
693 887 783 974 Ἔργ.
799 908 854 968 41.
877 886 976 952 modo
998 885 1190 966 notavimus,

155 999 190 1050 et
217 986 334 1052 Plinius
351 992 462 1055 XXII.
476 1011 531 1077 33.
556 991 601 1056 ibi
624 992 752 1069 citatus,
773 987 874 1072 daupu
895 988 1093 1077 Epimenidis
1115 987 1190 1054 inde

156 1089 273 1154 fatiam
299 1093 452 1178 quosdam
482 1107 601 1159 temere
628 1108 740 1182 putare
772 1094 880 1159 refert.
928 1091 976 1156 At
1004 1093 1097 1155 XXI.
1124 1092 1188 1156 68:

154 1191 343 1279 Aspboddus
369 1197 533 1276 maraditur,
557 1211 585 1261 et
599 1197 713 1284 semine
737 1195 801 1284 testo
825 1207 853 1260 et
875 1195 983 1261 bulbo:
1002 1195 1063 1282 sed
1082 1195 1133 1260 hoc
1159 1194 1191 1259 iu

155 1294 252 1356 cinere
267 1294 345 1380 tosto,
360 1297 428 1360 dein
438 1296 510 1385 sale
523 1311 551 1361 et
564 1299 623 1362 oleo
638 1298 740 1364 addito
755 1323 763 1378 ;
784 1310 931 1384 praetcrea
946 1299 1006 1384 tuso
1024 1296 1189 1384 mmficis:

154 1396 307 1483 praecipuo
329 1399 494 1486 voluptate,
520 1401 697 1466 mordetur
723 1399 857 1486 Heſsodo.
895 1400 946 1464 Ita
969 1399 1191 1486 distinguenda

156 1499 263 1562 verba.
294 1500 378 1564 Nam
395 1501 450 1588 qui
466 1502 602 1588 priorem
619 1517 694 1567 ante
701 1502 775 1590 ficis
790 1514 913 1588 partem
928 1501 1006 1566 item
1020 1501 1061 1565 ad
1077 1502 1189 1565 fleto-

156 1596 235 1664 dum
261 1601 447 1681 retulerant,
470 1603 587 1667 ineam
610 1603 795 1691 opinionem
810 1602 931 1667 inducti
952 1602 1037 1682 sunt,
1056 1615 1092 1667 ut
1107 1601 1190 1667 hanc

156 1700 355 1765 mentionem
377 1726 440 1767 non
465 1705 506 1769 ad
525 1705 612 1768 hunc
628 1718 731 1791 poetae
746 1705 880 1783 versum,
895 1703 947 1796 sed
966 1703 1006 1768 ad
1027 1703 1190 1790 perditum

157 1801 319 1889 quoddam
335 1805 375 1870 de
390 1805 561 1892 asphodelo
581 1829 722 1884 carmen,
744 1806 852 1870 referri
875 1820 1037 1892 putarent.
1074 1807 1191 1892 Neque

155 1930 231 1972 vero
255 1908 411 1972 rationem
437 1909 545 1987 habet,
569 1907 753 1996 hujusmodi
775 1907 835 1972 alia
858 1907 987 1972 Hefiodi
1009 1906 1051 1972 de
1072 1907 1191 1974 Herbis
1312 1987 1318 1995 Ο

156 2009 301 2073 exstitille
316 2010 475 2074 carmina:
499 2022 536 2074 ut
550 2032 620 2074 vere
636 2024 748 2074 monet
762 2008 924 2074 Fabricius
937 2007 1022 2073 Bibl.
1039 2010 1097 2074 Gr.
1113 2009 1189 2074 Vol.

158 2111 184 2173 1.
210 2132 242 2195 p.
257 2112 333 2195 381.
380 2112 420 2174 Et
450 2112 569 2176 Plinius
597 2110 651 2175 illa
678 2133 717 2174 ex
743 2109 961 2197 Theophrasto
984 2109 1080 2175 vertit
1108 2111 1190 2176 Hist.

157 2210 431 2277 Plant.V11.12:
465 2211 511 2290 aa}
531 2217 623 2301 γᾶςὸ
648 2210 788 2297 ἀνθέρικος
811 2211 934 2295 ἐδώδιμος
957 2211 1148 2294 credendumve,
1169 2215 1190 2301 a}

156 2316 188 2376 ad
208 2314 320 2402 wippa
340 2315 515 2401 φρυγόμενον·
539 2315 655 2379 πάντων
675 2315 701 2377 δὲ
715 2314 828 2397 palmea
841 2321 856 2392 ἦ
870 2312 932 2399 ῥίζα
946 2317 1020 2396 μετὰ
1038 2314 1122 2378 σύκε·
1146 2314 1193 2384 uo)

155 2416 279 2494 ωλεῖςην
298 2415 384 2492 ὄνησιν
408 2416 466 2503 ἔχει
489 2421 553 2480 καθ’
573 2417 713 2480 Ἡσίοδον.
752 2415 876 2480 Gellius
892 2416 1018 2480 XVIII.
1036 2435 1066 2480 2.
1096 2417 1192 2482 Sexto

156 2518 286 2603 ‹praellio
299 2519 372 2596 luit,
386 2517 591 2603 asphodelum
607 2516 784 2604 cujusmodi
799 2517 897 2581 herba
911 2517 958 2596 srt,
973 2515 1061 2603 quod
1077 2518 1190 2582 Hesro-

157 2618 218 2681 dus
236 2618 266 2681 in
283 2618 338 2682 illo
355 2619 443 2682 versu
460 2618 600 2705 posuerit
614 2619 714 2695 Νήπιοι
730 2645 759 2680 κ.
770 2644 799 2681 τ.
811 2631 843 2680 λ.
881 2616 1044 2681 Caeterum
1067 2617 1108 2681 ad
1126 2617 1190 2682 hu·

151 2717 209 2805 jus
228 2718 337 2784 saltem
352 2717 628 2784 animadversionis
648 2717 893 2803 intelligentiam
918 2717 1105 2798 tenendum,
1120 2719 1190 2781 An·

157 2821 296 2883 thericum
312 2820 375 2884 dici
391 2821 516 2885 caulem
532 2819 727 2906 Asphodeli3
753 2817 854 2883 Plinio
872 2817 1009 2883 docente
1025 2820 1118 2882 XXI.
1138 2837 1189 2904 17.

156 2925 233 2987 XX.
250 2942 288 2988 22
301 2949 308 2986 :
334 2937 367 2987 et
380 2921 491 3006 ἄλιμον,
508 2921 572 2985 olus
585 2921 773 3000 maritimum,
790 2918 939 3008 distingui
952 2922 992 2985 ab
1006 2919 1113 3007 ἇλῖμῳ,
1129 2921 1191 2985 cibo

143 3022 264 3109 famem
288 3036 426 3087 arcente:
449 3038 486 3087 ut
511 3022 649 3087 dillinxit
672 3022 739 3110 post
760 3021 838 3086 alios
861 3021 1028 3086 Salmasrus
1051 3023 1189 3088 Exercit.

158 3126 377 3212 Plin.p.122.
401 3140 435 3190 et
451 3145 524 3210 772.
560 3124 647 3189 Hinc
670 3124 865 3188 occationem
890 3123 1061 3188 festivitatis
1086 3124 1192 3190 sumlit

157 3228 274 3292 Cicero
291 3229 349 3312 Ep.
366 3227 533 3291 Div.V11.
550 3228 612 3289 26:
639 3225 686 3288 Iex
695 3226 879 3312 summaria,
897 3250 965 3312 quae
978 3225 1099 3289 videtur
1111 3225 1191 3289 λιτό-

154 3355 227 3405 τητα
242 3328 382 3417 atlulff’,
398 3354 433 3391 ea
448 3327 643 3414 mibisruudi
653 3326 742 3411 suit:
765 3351 835 3389 nom
850 3328 919 3389 dum
933 3323 1040 3390 volunt
1054 3324 1100 3411 isti
1115 3326 1192 3391 lauti

155 3442 236 3493 terra
251 3443 337 3508 noto,
353 3456 423 3519 quae
437 3429 501 3517 lege
515 3441 632 3515 exceptu
643 3431 730 3515 sunt,
748 3429 778 3489 in
791 3428 924 3491 horrorem
940 3427 1095 3507 adducere,
1106 3427 1190 3512 fun·

152 3557 221 3618 gos,
243 3533 400 3613 helvellas,
422 3532 527 3597 herbas
545 3555 638 3596 omnes
659 3531 702 3593 itu
722 3528 872 3607 coralium,
892 3541 926 3593 ut
945 3527 1024 3591 nihil
1038 3527 1125 3616 pofflt
1141 3531 1194 3617 affl

143 3626 289 3722 siradius.
313 3637 351 3699 ln
367 3660 416 3698 eas
430 3659 492 3698 cum
509 3633 667 3717 incidiffirm
682 3632 713 3695 in
728 3655 810 3695 coena
824 3630 968 3718 augurali
982 3631 1065 3718 apud
1076 3632 1192 3698 Lentu-

155 3736 228 3814 lum,
245 3749 331 3798 tunta
346 3761 390 3799 me
404 3738 524 3823 διάρῤοια
538 3735 622 3822 capit,
637 3746 671 3797 ut
686 3733 770 3796 bodie
785 3735 914 3821 primum
929 3733 1072 3796 videatur
1084 3735 1194 3824 copiffl

155 3838 311 3925 corfislere.
341 3840 390 3901 lla
405 3864 469 3925 ego,
486 3839 535 3925 qui
551 3863 594 3901 me
608 3837 704 3922 ostreis
718 3849 747 3899 et
762 3836 889 3900 murenis
891 3835 991 3922 facile
1003 3836 1193 3923 afflinebam,

155 3967 175 4004 a
192 3943 257 4004 beta
273 3955 300 4004 ct
314 3968 333 4006 a
349 3940 452 4004 malva
467 3943 600 4029 dcccptus
611 3940 695 4025 sitm.

202 4063 273 4129 157.
289 4048 322 4110 F.
344 4044 409 4126 μέλι
430 4043 476 4120 καὶ
492 4043 569 4128 τυρόν
583 4069 645 4105 τινα
661 4039 844 4127 βαρὲαςικὸν]
871 4040 1104 4105 Erudiriffimus
1125 4043 1192 4106 Ko-

156 4168 212 4232 ray
236 4145 267 4207 in
294 4145 378 4208 notis
401 4143 439 4207 ad
464 4142 693 4229 Hippocratem
715 4143 781 4224 περὶ
797 4139 882 4228 ἀέρων
904 4140 936 4222 ᾗ.
953 4140 1077 4205 XCIV.
1093 4141 1132 4206 T.
1148 4143 1193 4207 ll.

155 4269 189 4334 p.
202 4250 241 4314 28
242 4266 276 4331 5.
293 4246 400 4325 docet,
417 4244 588 4308 Plutarcho
610 4241 776 4330 significari
791 4242 865 4328 cusai
886 4241 1034 4307 barbarici
1049 4242 1194 4330 appella-
