2692 4770
154 327 254 398 roeo·
340 338 441 400 nw.
460 340 669 403 anmanv.
688 326 742 403 nr·
756 339 988 403 mortuom

152 497 365 567 Athenienses
377 503 477 590 gratis
490 503 617 586 dimifit,
631 516 776 572 mortuos
789 503 947 591 sepelivitr
969 502 1018 567 ita
1030 497 1194 589 Polybius

153 600 283 667 testatur
295 604 340 668 V.
353 624 406 669 10.
433 604 597 672 Diodorus
612 606 677 673 Sic.
692 609 784 674 XVI.
797 607 849 673 88.
871 608 1022 692 Excerpt.
1037 604 1191 669 XXXH.

153 722 185 789 p.
199 704 284 791 589:
307 718 444 794 utroque
465 706 540 773 loco
560 706 715 773 videndus
729 705 959 794 Wesselingins
973 702 1031 792 qui
1046 702 1189 791 lingula·

153 825 222 869 rem
235 804 323 871 illam
336 805 580 874 Atheniensium
595 808 823 875 incusationem
836 807 877 874 ad
892 827 1028 894 eamque
1046 802 1188 891 Philippi

153 905 337 992 responsum
351 929 390 974 ex
403 906 467 974 hoo
484 908 557 974 loco
570 909 678 975 refert.
822 938 826 944 ·

198 1022 271 1093 177.
287 1012 323 1074 F.
348 1007 389 1075 θ’.
410 1015 466 1088 Τῆς
479 1011 506 1074 δὲ
521 1012 678 1098 wip]
704 1008 780 1076 Hoc
800 1006 938 1095 Philippi
957 1005 1076 1073 vulnus
1094 1018 1188 1071 notat

153 1106 385 1177 Demosthenes
398 1112 455 1179 Or.
472 1113 531 1178 Pro
544 1113 674 1179 Corona
694 1134 728 1200 p.
742 1131 818 1198 322.
835 1112 883 1178 A:
907 1109 994 1199 stipor
1007 1112 1029 1174 δ’
1044 1111 1130 1175 miris
1141 1111 1188 1175 riv

152 1208 305 1292 Φίλιππον,
328 1215 401 1300 πρὸς
422 1212 450 1278 ὃν
472 1218 534 1297 ἡμῖν
556 1219 569 1279 i
591 1212 669 1301 e'rydr
690 1214 755 1302 riri?
778 1219 869 1301 ἀρχῆς
893 1209 940 1293 ml
963 1211 1118 1292 ὃυναςόας,
1141 1214 1188 1275 ris

153 1311 291 1395 ὄφθαλμὸν
305 1313 514 1397 ὗκκεκομμίνον,
528 1318 577 1393 τὴν
595 1321 670 1379 κλεῖν
687 1314 863 1400 κατεαγότα,
881 1317 929 1393 τὴν
946 1318 1044 1400 χεῖρα,
1064 1314 1098 1377 ri
1116 1310 1186 1377 ni·

153 1425 201 1488 λος
216 1413 411 1499 mposisse
431 1442 460 1480 rr.
475 1442 505 1479 τ.
519 1430 552 1480 λ.
572 1438 645 1502 quae
667 1415 746 1482 citat
768 1414 893 1482 Gellius
914 1415 960 1480 Il.
976 1430 1031 1499 27.
1070 1412 1186 1480 Credi·

152 1512 217 1578 bile
231 1514 321 1579 estin
336 1497 463 1602 herdito
482 1516 540 1582 illo
562 1516 723 1583 Plutarchi
744 1517 817 1583 loco
838 1515 926 1583 unde
939 1514 1011 1581 haeo
1026 1514 1198 1602 descripte

153 1613 238 1694 sunt,
265 1614 411 1681 disertius
437 1616 646 1705 significatum
670 1617 758 1683 fuisse
779 1640 875 1706 quam
901 1619 998 1682 κλῶα
1020 1616 1188 1705 Philippus

152 1716 304 1805 fregerit3
327 1717 478 1804 liquidem
499 1719 606 1806 plures
625 1719 767 1807 corporis
784 1733 890 1807 partes
907 1718 971 1784 hoc
989 1739 1112 1785 nomen
1127 1718 1187 1784 ha·

152 1818 306 1899 buerunt,
328 1833 446 1886 notatae
467 1823 514 1887 H.
534 1820 699 1909 Stephano
717 1820 751 1885 in
770 1818 970 1887 Diffionario
990 1818 1129 1887 Medion
1151 1841 1187 1909 p.

152 1922 345 2007 528-536:
368 1921 454 1988 idem
478 1923 575 1988 Thes.
597 1925 636 1989 L.
660 1925 719 1989 Gr.
736 1925 775 1989 T.
791 1925 835 1990 ΙΙ.
857 1945 890 2010 p.
907 1940 981 2008 232,
999 1940 1075 2008 233.
1098 1922 1188 1990 hune

153 2022 261 2089 locum
277 2044 317 2087 ex
338 2022 401 2088 hoc
423 2022 711 2111 Apophthegmate
729 2023 845 2105 adfert,
861 2036 895 2088 et
908 2023 1008 2088 alium
1023 2023 1188 2091 Plutarchi

151 2123 264 2189 Artax.
296 2144 330 2210 p.
355 2142 449 2210 1015.
472 2126 513 2188 Ε.
538 2125 594 2190 ubi
619 2125 725 2211 Cyrus
746 2125 865 2190 dicitur
887 2123 1040 2212 trajecisse
1064 2124 1187 2191 hastam

152 2230 237 2310 παρὰ
255 2228 302 2304 τὴν
316 2228 412 2289 reseda
429 2228 474 2289 διὰ
493 2234 541 2290 τοῦ
560 2226 694 2314 τςαχῆλε
713 2226 908 2313 Artagerſss;
930 2249 1004 2313 quse
1027 2226 1073 2291 est
1092 2225 1187 2293 Iliad.

152 2331 196 2391 Θ.
210 2341 295 2412 325:
318 2326 372 2390 sed
390 2324 509 2391 diversa
525 2349 545 2390 a
565 2349 599 2392 re
620 2326 785 2412 presente.
821 2325 980 2392 Videatur
997 2328 1189 2394 etSeberns

151 2427 193 2492 ad
208 2427 368 2494 Pollucem
384 2429 442 2492 IV.
461 2427 532 2491 188.
725 2508 727 2513 ³

197 2546 270 2615 177.
286 2533 322 2594 F.
345 2530 373 2593 ι’.
396 2532 565 2617 Ἀμφοτεροῦ
583 2528 628 2608 καὶ
640 2531 848 2616 Ἑκατερομ]
875 2528 1098 2613 Amphoterus
1113 2553 1186 2596 me·

152 2647 294 2698 moratur
313 2631 346 2697 in
366 2632 503 2696 ducibus
523 2630 696 2696 Alexandri
712 2632 762 2694 M.
784 2653 804 2694 a
823 2630 936 2694 Curtio
951 2631 1014 2694 lll.
1033 2651 1064 2694 1.
1090 2634 1150 2697 lV.
1164 2646 1185 2718 5

147 2749 184 2799 -et
205 2735 236 2799 8.
273 2734 410 2798 Arriano
433 2735 460 2797 l.
478 2751 530 2817 25.
560 2734 622 2797 lll.
645 2734 759 2797 2et6.
785 2732 841 2796 ubi
866 2733 969 2818 priore
990 2731 1065 2796 loco
1088 2734 1188 2799 frater

155 2835 272 2900 Crateri
285 2835 412 2899 dicitur.
440 2836 549 2921 Atque
564 2836 626 2898 hoc
641 2835 742 2919 ipsum
759 2833 877 2897 nomen
893 2838 1036 2920 Κρατεροῦ
1050 2849 1085 2898 et
1100 2840 1185 2921 Κρα-

149 2940 238 3023 τερὸν,
253 2959 311 3022 pro
324 2939 465 3022 Ἑκατεςῦ
481 2950 515 2999 et
527 2936 689 3020 Ἑκατερὸν,
705 2936 748 2999 est
762 2935 795 2998 in
809 2936 940 3000 Jannot.
954 2936 1074 2998 Venet.
1090 2937 1185 3002 Harl.

151 3038 237 3102 Vols.
267 3060 403 3123 quorum
432 3036 607 3122 postremus
635 3036 798 3122 vulgatam
827 3037 859 3099 in
891 3034 1036 3122 margine
1072 3037 1185 3105 habet.

153 3143 247 3203 Forte
269 3139 301 3202 in
325 3137 411 3201 didio
432 3136 567 3222 Philippi
585 3137 725 3222 primum
747 3137 887 3221 Craterus
902 3137 1073 3215 ferebatur,
1095 3139 1187 3224 quod

152 3264 268 3305 nomen
295 3239 402 3325 postea
424 3238 505 3324 quis,
529 3238 685 3302 acuminis
709 3237 826 3302 scilicet
848 3238 987 3324 augendi
1008 3240 1126 3319 caussa,
1152 3241 1186 3306 in

152 3343 328 3406 Hecatcmm
351 3341 497 3404 mutavit.
532 3339 699 3426 Xylander
717 3340 855 3404 reddidit
880 3341 1008 3428 Uterque
1026 3353 1060 3405 et
1074 3342 1186 3406 Alter·

150 3459 233 3509 uter:
272 3443 438 3507 Crul'erius
460 3442 556 3505 Ambo
582 3456 616 3505 et
647 3442 785 3529 Uterque,
808 3441 971 3528 aliquanto
1000 3442 1117 3507 melius
1145 3445 1188 3510 nd

151 3568 217 3610 rem
227 3571 237 3625 3
260 3544 425 3631 siquidem,
443 3542 585 3606 alteruter
603 3564 666 3606 non
688 3544 732 3605 est
753 3544 890 3628 ἑκάτερος,
914 3542 967 3606 sed
987 3548 1000 3605 ὁ
1019 3542 1120 3628 ἔτερος,
1137 3547 1187 3611 vel

150 3644 286 3730 θάτεςοςι
311 3666 375 3706 non
398 3643 474 3706 item
497 3643 579 3705 bene
600 3642 641 3706 ad
664 3640 884 3719 Latinitatem,
908 3664 980 3728 quae
1000 3664 1066 3706 non
1090 3645 1190 3710 Ambo

151 3767 208 3831 pro
228 3744 374 3831 singulari
390 3743 532 3822 nomine,
549 3765 620 3824 nec,
644 3757 681 3808 ut
701 3743 807 3808 Graeci
822 3741 907 3826 ἄμφω
922 3743 1045 3807 faciunt
1057 3748 1190 3826 ἀμφίπ-

148 3874 204 3936 ρος,
228 3847 272 3910 ita
292 3860 348 3909 aut
371 3847 466 3923 ambo,
488 3858 545 3909 aut
561 3845 648 3909 aliud
668 3843 744 3908 hinc
763 3867 881 3909 nomen
898 3844 1052 3932 singulare
1074 3846 1189 3914 habet.

149 3949 357 4035 Distinguunt
375 3963 482 4011 autem
499 3946 604 4010 Graeci
619 3946 688 4035 haec
704 3946 848 4025 nomina,
866 3960 902 4009 ut
923 3962 1073 4012 accurate
1088 3948 1190 4016 docet

150 4049 345 4114 Ammonius
368 4070 401 4132 p.
421 4068 479 4128 14:
501 4047 664 4137 Ἀμφότεροι
679 4045 726 4126 κα)
737 4047 883 4134 Ἑκάτεςοι
899 4045 1068 4135 transgessio.
1105 4052 1190 4132 Ἀμ.

149 4151 252 4238 φότεροι
270 4154 321 4234 μὲν
335 4156 392 4237 γὰρ
408 4157 515 4238 ἐροῦμεν
529 4149 592 4214 ὅταν
609 4146 635 4213 ἓν
653 4154 693 4234 τῷ
707 4153 782 4234 αὐτῷ
797 4153 872 4212 κατὰ
886 4151 918 4212 τὸ
931 4152 998 4212 αὐτὸ
1013 4151 1190 4235 arpe'erlwosr·

149 4259 172 4291 “
187 4254 349 4338 Ἀμφότεροι
370 4258 418 4330 τὴν
439 4254 514 4315 δοκὸν
527 4252 594 4333 μίαν
609 4250 692 4316 οὖσαν
711 4249 851 4336 φίρεσιν·”
872 4251 1018 4338 ‘Essreqor
1034 4254 1061 4315 δὲ
1078 4258 1190 4321 ἐπειδᾶν
