2692 4770
119 414 123 422 ,
160 334 220 401 rso
347 329 386 391 n.
400 331 451 390 w.
472 329 680 393 suumnv.
701 330 749 392 m
770 327 1000 391 seminem

162 492 215 559 Est
236 490 336 581 igitur
356 492 410 561 hic
430 494 616 584 Antigonus
632 498 772 576 Consta,
794 495 875 560 lilius
896 490 1054 560 Demetrii
1070 486 1194 556 Polior·

161 607 255 660 cete.
281 594 445 680 Admotus
459 611 656 664 memoratur
670 619 690 661 a
705 597 875 662 Plutarcho
890 596 923 660 in
939 594 1059 683 Pyrrho
1074 616 1107 679 p.
1117 595 1194 673 406.

161 691 259 783 hujus
280 698 322 762 ad
340 700 448 787 Argos
465 698 623 765 interfecti
645 712 744 786 caput
764 698 929 765 abscissum
951 697 1096 761 adferens
1111 692 1195 780 patri

160 797 341 886 Antigono,
357 799 493 888 ideoque
507 801 548 865 ab
562 823 602 867 eo
617 800 836 887 reprehensus.
867 798 1021 864 Similiter
1034 797 1067 860 in
1081 795 1195 860 eadem

161 918 197 963 re
213 920 234 963 a
246 898 374 965 Valerio
388 899 535 966 Maximo
548 902 591 967 V.
610 920 639 966 1.
662 902 736 966 Est.
750 920 784 982 4.
820 899 1023 964 Memoratur
1036 909 1070 962 et
1086 895 1148 961 alia
1162 894 1194 959 in

161 998 266 1064 cauffa
287 1022 307 1065 s
327 1001 477 1089 Diogene
495 1001 635 1082 Inertio,
655 1014 693 1068 ut
714 1014 841 1089 epatre
861 999 1031 1087 Antigono
1052 997 1194 1085 pbiloso-

161 1097 234 1188 phis
249 1093 513 1168 commendatus:
537 1125 612 1169 nam
632 1104 755 1190 τροφεὺς,
778 1102 812 1168 id
828 1102 882 1182 est,
896 1100 1096 1166 educationis
1109 1120 1195 1184 prae·

161 1201 276 1286 fedius,
290 1203 320 1268 ei
335 1203 397 1268 fuit
411 1205 550 1270 Persaeus
573 1206 713 1270 Zenonis
732 1203 917 1292 discipulus,
931 1206 1008 1270 Vll.
1024 1206 1087 1288 36:
1115 1209 1195 1289 Περ-

160 1304 336 1384 σαῖος-κο)
356 1308 466 1394 τροφοὺς
486 1304 514 1384 ἦν
533 1309 700 1382 sciveritis
719 1304 901 1386 Ἀλκυονέως,
922 1319 957 1371 et
978 1304 1034 1369 filii
1055 1303 1195 1368 natalem

159 1403 244 1471 diem
268 1407 368 1494 patris
391 1408 533 1475 instituto
555 1424 589 1475 et
612 1409 767 1474 sumtibus
792 1408 998 1474 celebrabant
1021 1407 1195 1494 quotannis

160 1509 301 1575 Athenis
314 1499 497 1599 philosophi
511 1513 599 1598 apud
618 1513 856 1599 Hieronymum
871 1509 1117 1597 Peripateticum
1135 1511 1196 1576 IV.

159 1630 198 1692 41
213 1634 221 1676 s
244 1611 357 1695 μάλιςα
369 1615 397 1677 di
413 1614 565 1678 ἓπννίθεντο
578 1619 654 1701 αὐτῷ
672 1618 723 1700 (τῷ
736 1614 927 1702 Ἀρκεσιλάῳ)
944 1618 1030 1700 παρὰ
1043 1613 1196 1702 Ἱερωνύμῳ

159 1719 200 1799 τῷ
210 1721 434 1805 περιπατητικῷ,
450 1716 529 1781 lube
543 1715 658 1801 σονοίγοι
672 1717 734 1792 τοὺς
748 1715 830 1800 φίλοις
844 1719 881 1790 νίς
897 1718 945 1794 τὴν
965 1713 1133 1788 Ἀλκυονέως
1146 1721 1196 1777 τοῦ

158 1815 317 1902 Ἀντνγίνου
338 1824 392 1883 visi
414 1817 528 1905 ἡμίροιν,
549 1823 585 1893 νίς
600 1817 631 1893 ἢν
650 1822 731 1881 ίνιοινὰ
749 1818 891 1905 χρήματα
909 1815 1078 1890 cirris-emi
1096 1813 1194 1879 Ἀντί-

158 1942 236 2002 γονος
260 1921 335 2007 πρὸς
357 1918 522 1984 ἀπόλαυσιν·
549 1919 635 1984 idem
658 1919 837 1984 convivium
860 1917 1052 2005 significatur
1073 1919 1116 1981 V.
1139 1916 1194 1981 68.

153 2019 247 2107 Ergo
261 2042 429 2108 perperam
444 2021 613 2101 editiones,
625 2035 761 2108 excepta
774 2019 971 2109 Xylandrea‚
984 2019 1106 2083 habent
1118 2021 1192 2082 Ἀλ-

158 2122 284 2198 κνινονίονς
309 2136 344 2187 et
365 2125 536 2203 Ἀλκινονεῦ,
561 2122 751 2209 quibuscum
777 2120 892 2208 reliqui
919 2119 1047 2186 codices
1073 2119 1193 2206 scripti,

157 2235 245 2288 certe
260 2225 365 2289 nostra
381 2246 420 2288 ex
434 2224 473 2288 iis
487 2237 651 2311 excerpta,
672 2224 887 2303 consentiunt,
903 2235 1037 2309 excepto
1051 2224 1193 2304 Veneto,

157 2320 190 2389 in
206 2346 272 2411 quo
286 2347 403 2390 nomen
418 2324 572 2412 scriptum
586 2326 641 2406 est,
660 2340 697 2390 ut
710 2324 881 2390 edidimus.
912 2324 1077 2389 Caeterum
1090 2326 1194 2389 ἀπιδεῖν

157 2425 243 2492 deest
263 2426 296 2492 in
317 2428 362 2493 A.
378 2429 418 2492 E.
433 2427 480 2492 N.
494 2429 613 2493 Venet.
628 2427 713 2492 Voff.
731 2426 856 2492 videtur
871 2438 981 2490 tamen
995 2427 1036 2491 ab
1050 2423 1193 2511 ejusdem

156 2527 296 2618 exempli
318 2528 510 2595 sudoritate
532 2529 697 2616 proficisci,
719 2529 805 2593 unde
829 2528 907 2593 item
929 2526 1049 2592 AEliani
1070 2527 1121 2591 εἶδε
1141 2528 1193 2610 μὲν

156 2636 250 2716 onas,
267 2635 355 2722 quod
373 2635 458 2700 redte
472 2634 618 2722 exposuit
634 2633 833 2700 Perizonius:
857 2656 1052 2722 quamquam
1068 2631 1102 2696 in
1116 2633 1191 2697 nos·

156 2748 208 2803 tro
221 2734 323 2801 ιἰινιδιίι
345 2736 443 2824 paulo
457 2737 577 2803 diversa
590 2738 633 2802 est
646 2737 742 2817 ratio,
758 2750 791 2804 et
804 2737 991 2825 fignificatio
1006 2735 1191 2802 constantie

155 2861 233 2905 cum
253 2838 286 2904 in
303 2839 423 2921 animo,
440 2853 510 2906 tum
525 2840 615 2905 vultu
629 2854 664 2906 et
677 2841 845 2906 oculorum
858 2840 990 2906 obtutu.
1027 2839 1080 2905 Sic
1095 2841 1190 2927 Apo·

153 2938 328 3027 phthegm.
351 2961 384 3026 p.
402 2942 474 3006 181.
495 2944 534 3005 E.
557 2941 598 3006 de
620 2941 824 3007 Alexandro:
852 2942 1049 3019 Ἀνοθιῆσκιιν
1069 2943 1096 3004 δὲ
1117 2945 1192 3028 πρὸς

153 3039 204 3116 τίς
225 3041 335 3128 ἑταίροις
352 3041 410 3106 luds
429 3041 490 3125 ἔφη,
506 3042 611 3128 Μίγᾰν
631 3049 682 3132 ipsi
703 3070 744 3126 με
758 3045 805 3107 τίν
823 3044 962 3125 ἐπιτάφιον
976 3043 1111 3125 ἐσόμενον·
1135 3043 1192 3107 ubi

155 3164 215 3231 pro
228 3141 288 3208 tub
308 3142 527 3230 recipiendum
547 3143 647 3209 ἁπιδῶν
668 3168 707 3210 ex
726 3146 812 3210 Vols.
835 3146 959 3211 Harlei.
980 3148 1058 3212 Jun.
1074 3168 1190 3236 quam·

154 3267 252 3333 quam
269 3243 327 3309 ἰδοίν
345 3246 388 3310 est
410 3245 443 3309 in
466 3245 557 3311 srmili
578 3267 611 3311 re
634 3268 667 3332 p.
686 3266 757 3333 192.
773 3249 809 3312 F.
828 3260 861 3311 et
874 3270 894 3311 a
909 3247 1001 3312 nobis
1023 3262 1190 3333 receptum

154 3361 194 3414 ut
214 3346 330 3413 melius
352 3369 411 3435 pro
432 3346 522 3428 εἰπὼν,
543 3346 631 3435 quod
652 3371 692 3412 ex
712 3371 786 3413 vero
808 3349 909 3413 ἀπιδὼν
931 3362 1043 3414 natum
1065 3349 1192 3415 videtur

152 3450 232 3516 Vita
247 3448 364 3516 Dionis
386 3471 419 3535 p.
435 3451 510 3537 965.
526 3452 572 3515 B:
596 3448 696 3513 ἀπιδὼν
715 3452 787 3536 πρὸς
803 3452 864 3525 τοὺς
880 3450 962 3533 φίλος
980 3449 1190 3536 δοχεροιίνοντας

152 3550 175 3636 ’lt
190 3551 409 3634 ἀγανακτένίιις,
423 3549 462 3614 Τί
473 3556 568 3629 titos,
584 3550 644 3635 ἔφη,
655 3551 875 3633 μεμφόμεθα-ς
899 3549 1141 3615 Restituendum
1156 3550 1189 3614 in

152 3649 231 3716 Vita
253 3650 385 3716 Caesaris
407 3673 440 3737 p.
456 3666 531 3736 727.
544 3652 592 3716 B:
624 3651 695 3716 εἶπεν
714 3651 776 3734 ἅμα
796 3655 869 3741 πρὸς
887 3654 951 3727 τοὺς
971 3651 1054 3735 φίλος
1076 3649 1188 3729 ἀπιδὼν,

152 3751 276 3839 Σήμερον
295 3751 361 3831 oiri]
383 3753 441 3830 νίκη
458 3757 544 3839 παρὰ
564 3757 620 3828 τοῖς
641 3753 781 3836 πολεμίοις
801 3752 841 3833 ἦν,
863 3759 886 3817 εί
904 3755 950 3816 τὸν
968 3762 1085 3818 νικῶντα
1099 3754 1188 3839 εἶχον·

151 3853 251 3941 vulgo
271 3852 387 3933 editur,
409 3880 433 3918 ι.
449 3852 506 3941 ἄρα
518 3879 551 3918 π.
566 3881 595 3918 τ.
634 3902 641 3918 .
665 3853 763 3934 seru,
778 3855 817 3919 Σ.
837 3869 910 3919 caet.
942 3853 1065 3918 Eadem
1080 3877 1188 3919 corre·

149 3955 424 4043 &ioncjuvsndus
436 3956 480 4019 est
492 3955 612 4020 ibidem
627 3978 660 4042 p.
672 3972 746 4040 734.
756 3956 799 4020 A.
816 3955 855 4020 de
868 3955 999 4021 Caesaris
1016 3957 1084 4042 post
1099 3979 1186 4043 proe·

149 4057 230 4124 lium
252 4057 294 4123 ad
316 4056 477 4122 Mundam
499 4056 606 4123 didio:
629 4055 759 4144 ῥ-ἇπιῶν
780 4058 902 4139 dipersi
924 4062 972 4136 τὴν
992 4060 1091 4144 μᾶχην
1112 4061 1188 4146 πρὸς

148 4163 210 4236 τοὺς
230 4159 313 4244 φίλος
329 4158 411 4240 εἶπεν,
425 4161 479 4235 Ὠς
497 4159 644 4234 πολλάκις
657 4159 707 4241 μὲν
722 4157 892 4244 ἀγωνίσαιτο
906 4161 974 4246 supi
993 4160 1079 4239 νίκης,
1099 4168 1142 4224 νῦν
1156 4161 1184 4223 di

120 4348 123 4353 ἱ
148 4270 261 4349 πρῶτον
277 4264 346 4351 περί
363 4265 468 4349 ψυχῆς·
492 4261 668 4349 legendum
682 4259 783 4328 dissicit
798 4265 822 4327 δ.
836 4289 871 4346 μ.
886 4276 961 4332 caet.
997 4263 1183 4351 Hippocra-
