<?xml version="1.0" encoding="UTF-8"?>
<!DOCTYPE html PUBLIC "-//W3C//DTD XHTML 1.0 Transitional//EN"
    "http://www.w3.org/TR/xhtml1/DTD/xhtml1-transitional.dtd">
<html xmlns="http://www.w3.org/1999/xhtml" xml:lang="en" lang="en">
 <head>
  <title>
</title>
<meta http-equiv="Content-Type" content="text/html;charset=utf-8" />
  <meta name='ocr-system' content='tesseract 3.04.00' />
  <meta name='ocr-capabilities' content='ocr_page ocr_carea ocr_par ocr_line ocrx_word'/>
</head>
<body>
  <div class='ocr_page' id='page_1' title='image "./plutarchichaero01plutgoog_0416.png"; bbox 0 0 2692 4770; ppageno 0'>
   <div class='ocr_carea' id='block_1_1' title="bbox 233 332 1120 418">
    <p class='ocr_par' dir='ltr' id='par_1_1' title="bbox 233 332 1120 418">
     <span class='ocr_line' id='line_1_1' title="bbox 233 332 1120 418; baseline 0.003 -20"><span class='ocrx_word' id='word_1_1' title='bbox 233 335 387 400; x_wconf 79' lang='lat' dir='ltr'><strong>samu</strong></span> <span class='ocrx_word' id='word_1_2' title='bbox 400 332 967 418; x_wconf 71' lang='grc' dir='ltr'><strong>11111111.0011111.ρ.111.1.1.</strong></span> <span class='ocrx_word' id='word_1_3' title='bbox 1060 346 1120 414; x_wconf 72' lang='grc'><strong>911</strong></span> 
     </span>
    </p>
   </div>
   <div class='ocr_carea' id='block_1_2' title="bbox 79 494 1123 2325">
    <p class='ocr_par' dir='ltr' id='par_1_2' title="bbox 79 494 1122 783">
     <span class='ocr_line' id='line_1_2' title="bbox 88 494 1122 593; baseline 0.002 -30"><span class='ocrx_word' id='word_1_4' title='bbox 88 494 166 564; x_wconf 84' lang='grc'><strong>888.</strong></span> <span class='ocrx_word' id='word_1_5' title='bbox 179 500 223 566; x_wconf 99' lang='lat' dir='ltr'><strong>A.</strong></span> <span class='ocrx_word' id='word_1_6' title='bbox 239 515 278 566; x_wconf 92' lang='lat' dir='ltr'><strong>ut</strong></span> <span class='ocrx_word' id='word_1_7' title='bbox 291 524 311 566; x_wconf 86' lang='lat' dir='ltr'><strong>a</strong></span> <span class='ocrx_word' id='word_1_8' title='bbox 325 501 439 568; x_wconf 79' lang='lat' dir='ltr'><strong>Biante</strong></span> <span class='ocrx_word' id='word_1_9' title='bbox 452 501 634 591; x_wconf 86' lang='lat' dir='ltr'><strong>responsum</strong></span> <span class='ocrx_word' id='word_1_10' title='bbox 652 503 774 570; x_wconf 73' lang='lat' dir='ltr'><strong>eroso.</strong></span> <span class='ocrx_word' id='word_1_11' title='bbox 798 501 951 593; x_wconf 80' lang='lat' dir='ltr'>Exposuit</span> <span class='ocrx_word' id='word_1_12' title='bbox 965 497 1035 589; x_wconf 90' lang='lat' dir='ltr'><strong>ejus</strong></span> <span class='ocrx_word' id='word_1_13' title='bbox 1051 500 1122 565; x_wconf 90' lang='lat' dir='ltr'><strong>sen·</strong></span> 
     </span>
     <span class='ocr_line' id='line_1_3' title="bbox 87 600 1122 692; baseline 0.01 -27"><span class='ocrx_word' id='word_1_14' title='bbox 87 600 224 666; x_wconf 86' lang='lat' dir='ltr'><strong>tentiam</strong></span> <span class='ocrx_word' id='word_1_15' title='bbox 241 604 389 670; x_wconf 83' lang='lat' dir='ltr'><strong>Erasmus</strong></span> <span class='ocrx_word' id='word_1_16' title='bbox 401 603 510 691; x_wconf 84' lang='lat' dir='ltr'><strong>Adag.</strong></span> <span class='ocrx_word' id='word_1_17' title='bbox 532 605 678 692; x_wconf 83' lang='lat' dir='ltr'><strong>p.1128.</strong></span> <span class='ocrx_word' id='word_1_18' title='bbox 701 618 735 672; x_wconf 89' lang='lat' dir='ltr'><strong>et</strong></span> <span class='ocrx_word' id='word_1_19' title='bbox 754 608 798 673; x_wconf 84' lang='lat' dir='ltr'><strong>A.</strong></span> <span class='ocrx_word' id='word_1_20' title='bbox 813 603 968 675; x_wconf 77' lang='lat' dir='ltr'>schottus</span> <span class='ocrx_word' id='word_1_21' title='bbox 989 602 1024 673; x_wconf 84' lang='lat' dir='ltr'><strong>in</strong></span> <span class='ocrx_word' id='word_1_22' title='bbox 1045 603 1122 675; x_wconf 81' lang='lat' dir='ltr'><strong>Pro·</strong></span> 
     </span>
     <span class='ocr_line' id='line_1_4' title="bbox 79 703 427 783; baseline 0.011 -16"><span class='ocrx_word' id='word_1_23' title='bbox 79 703 175 783; x_wconf 74' lang='grc'><strong>10111.</strong></span> <span class='ocrx_word' id='word_1_24' title='bbox 191 704 299 769; x_wconf 83' lang='lat' dir='ltr'><strong>Suidse</strong></span> <span class='ocrx_word' id='word_1_25' title='bbox 316 707 377 770; x_wconf 87' lang='lat' dir='ltr'><strong>IX.</strong></span> <span class='ocrx_word' id='word_1_26' title='bbox 396 726 427 771; x_wconf 93' lang='lat'><strong>1.</strong></span> 
     </span>
    </p>

    <p class='ocr_par' dir='ltr' id='par_1_3' title="bbox 133 805 983 895">
     <span class='ocr_line' id='line_1_5' title="bbox 133 805 983 895; baseline 0.006 -28"><span class='ocrx_word' id='word_1_27' title='bbox 133 819 205 892; x_wconf 85' lang='lat'><strong>153.</strong></span> <span class='ocrx_word' id='word_1_28' title='bbox 222 805 261 869; x_wconf 89' lang='lat' dir='ltr'><strong>E.</strong></span> <span class='ocrx_word' id='word_1_29' title='bbox 284 807 441 893; x_wconf 72' lang='grc' dir='ltr'>Κλεόδημε]</span> <span class='ocrx_word' id='word_1_30' title='bbox 468 805 602 873; x_wconf 76' lang='lat' dir='ltr'><strong>Haris.</strong></span> <span class='ocrx_word' id='word_1_31' title='bbox 617 805 773 895; x_wconf 58' lang='lat' dir='ltr'><strong>Ratae«.</strong></span> <span class='ocrx_word' id='word_1_32' title='bbox 800 824 828 870; x_wconf 87' lang='lat'><strong>1.</strong></span> <span class='ocrx_word' id='word_1_33' title='bbox 844 805 983 894; x_wconf 70' lang='grc' dir='ltr'><strong>Θιόδωρε.</strong></span> 
     </span>
    </p>

    <p class='ocr_par' dir='ltr' id='par_1_4' title="bbox 82 896 1123 2325">
     <span class='ocr_line' id='line_1_6' title="bbox 134 904 1122 994; baseline 0.003 -25"><span class='ocrx_word' id='word_1_34' title='bbox 134 909 356 994; x_wconf 74' lang='grc' dir='ltr'><strong>153.Ε.11ρδς</strong></span> <span class='ocrx_word' id='word_1_35' title='bbox 375 911 428 983; x_wconf 70' lang='grc' dir='ltr'><strong>τὰς</strong></span> <span class='ocrx_word' id='word_1_36' title='bbox 446 908 672 991; x_wconf 62' lang='grc' dir='ltr'><strong>Ἀμφιδάμαντος</strong></span> <span class='ocrx_word' id='word_1_37' title='bbox 692 906 842 989; x_wconf 55' lang='lat' dir='ltr'><strong>eapse-J</strong></span> <span class='ocrx_word' id='word_1_38' title='bbox 871 909 923 972; x_wconf 80' lang='lat' dir='ltr'><strong>De</strong></span> <span class='ocrx_word' id='word_1_39' title='bbox 938 904 1122 982; x_wconf 68' lang='lat' dir='ltr'><strong>Certumsne</strong></span> 
     </span>
     <span class='ocr_line' id='line_1_7' title="bbox 85 1006 1122 1097; baseline 0 -24"><span class='ocrx_word' id='word_1_40' title='bbox 85 1006 226 1073; x_wconf 81' lang='lat' dir='ltr'>Homeri</span> <span class='ocrx_word' id='word_1_41' title='bbox 240 1021 274 1072; x_wconf 89' lang='lat' dir='ltr'><strong>et</strong></span> <span class='ocrx_word' id='word_1_42' title='bbox 289 1007 418 1074; x_wconf 83' lang='lat' dir='ltr'><strong>Hefiodi</strong></span> <span class='ocrx_word' id='word_1_43' title='bbox 433 1007 591 1074; x_wconf 73' lang='lat' dir='ltr'><strong>insumere</strong></span> <span class='ocrx_word' id='word_1_44' title='bbox 600 1007 883 1097; x_wconf 81' lang='lat' dir='ltr'><strong>Amphidamantis</strong></span> <span class='ocrx_word' id='word_1_45' title='bbox 893 1007 1122 1088; x_wconf 77' lang='lat' dir='ltr'><strong>Chalcidensis,</strong></span> 
     </span>
     <span class='ocr_line' id='line_1_8' title="bbox 85 1106 1122 1196; baseline -0.003 -21"><span class='ocrx_word' id='word_1_46' title='bbox 85 1108 211 1193; x_wconf 82' lang='lat' dir='ltr'><strong>gemini</strong></span> <span class='ocrx_word' id='word_1_47' title='bbox 230 1109 305 1174; x_wconf 85' lang='lat' dir='ltr'><strong>huic</strong></span> <span class='ocrx_word' id='word_1_48' title='bbox 319 1109 394 1174; x_wconf 89' lang='lat' dir='ltr'><strong>sunt</strong></span> <span class='ocrx_word' id='word_1_49' title='bbox 407 1108 471 1174; x_wconf 92' lang='lat' dir='ltr'><strong>loci</strong></span> <span class='ocrx_word' id='word_1_50' title='bbox 488 1109 667 1177; x_wconf 87' lang='lat' dir='ltr'><strong>Plutarchei</strong></span> <span class='ocrx_word' id='word_1_51' title='bbox 682 1112 725 1179; x_wconf 89' lang='lat' dir='ltr'><strong>V.</strong></span> <span class='ocrx_word' id='word_1_52' title='bbox 743 1129 774 1177; x_wconf 83' lang='lat'><strong>2.</strong></span> <span class='ocrx_word' id='word_1_53' title='bbox 797 1131 831 1196; x_wconf 91' lang='lat' dir='ltr'><strong>p.</strong></span> <span class='ocrx_word' id='word_1_54' title='bbox 846 1111 922 1194; x_wconf 87' lang='lat'><strong><em>675.</em></strong></span> <span class='ocrx_word' id='word_1_55' title='bbox 939 1109 982 1175; x_wconf 87' lang='grc' dir='ltr'><strong>Α.</strong></span> <span class='ocrx_word' id='word_1_56' title='bbox 999 1107 1056 1183; x_wconf 90' lang='lat' dir='ltr'><strong>ubi</strong></span> <span class='ocrx_word' id='word_1_57' title='bbox 1069 1106 1122 1173; x_wconf 85' lang='lat' dir='ltr'><strong>di-</strong></span> 
     </span>
     <span class='ocr_line' id='line_1_9' title="bbox 84 1207 1123 1298; baseline 0.001 -25"><span class='ocrx_word' id='word_1_58' title='bbox 84 1207 174 1274; x_wconf 87' lang='lat' dir='ltr'><strong>eitur</strong></span> <span class='ocrx_word' id='word_1_59' title='bbox 193 1225 228 1276; x_wconf 89' lang='lat' dir='ltr'><strong>et</strong></span> <span class='ocrx_word' id='word_1_60' title='bbox 248 1209 311 1276; x_wconf 90' lang='lat' dir='ltr'><strong>boc</strong></span> <span class='ocrx_word' id='word_1_61' title='bbox 332 1223 367 1275; x_wconf 90' lang='lat' dir='ltr'><strong>et</strong></span> <span class='ocrx_word' id='word_1_62' title='bbox 387 1210 449 1277; x_wconf 80' lang='lat' dir='ltr'><strong>alia</strong></span> <span class='ocrx_word' id='word_1_63' title='bbox 471 1209 681 1298; x_wconf 79' lang='lat' dir='ltr'><strong>antiquissima</strong></span> <span class='ocrx_word' id='word_1_64' title='bbox 704 1225 800 1277; x_wconf 73' lang='lat' dir='ltr'><strong>etate</strong></span> <span class='ocrx_word' id='word_1_65' title='bbox 826 1209 937 1285; x_wconf 84' lang='grc'><strong>11111111</strong></span> <span class='ocrx_word' id='word_1_66' title='bbox 953 1222 1123 1297; x_wconf 80' lang='lat' dir='ltr'><strong>poetarum</strong></span> 
     </span>
     <span class='ocr_line' id='line_1_10' title="bbox 85 1313 1123 1404; baseline 0.009 -26"><span class='ocrx_word' id='word_1_67' title='bbox 85 1313 276 1395; x_wconf 73' lang='lat' dir='ltr'><strong>certamina,</strong></span> <span class='ocrx_word' id='word_1_68' title='bbox 299 1317 539 1404; x_wconf 56' lang='lat' dir='ltr'><strong>imsipvaaidm</strong></span> <span class='ocrx_word' id='word_1_69' title='bbox 560 1316 661 1381; x_wconf 71' lang='grc' dir='ltr'><strong><em>πάντα</em></strong></span> <span class='ocrx_word' id='word_1_70' title='bbox 682 1318 803 1382; x_wconf 69' lang='grc'><strong>1111111</strong></span> <span class='ocrx_word' id='word_1_71' title='bbox 824 1322 1042 1401; x_wconf 68' lang='grc' dir='ltr'><strong>γραμματικῶν.</strong></span> <span class='ocrx_word' id='word_1_72' title='bbox 1080 1315 1123 1387; x_wconf 72' lang='lat' dir='ltr'><strong>Es</strong></span> 
     </span>
     <span class='ocr_line' id='line_1_11' title="bbox 82 1412 1121 1506; baseline 0.005 -28"><span class='ocrx_word' id='word_1_73' title='bbox 82 1412 185 1480; x_wconf 75' lang='lat' dir='ltr'><strong>exstat</strong></span> <span class='ocrx_word' id='word_1_74' title='bbox 199 1415 359 1505; x_wconf 84' lang='lat' dir='ltr'><strong>hodieque</strong></span> <span class='ocrx_word' id='word_1_75' title='bbox 372 1418 485 1485; x_wconf 86' lang='lat' dir='ltr'><strong>incerti</strong></span> <span class='ocrx_word' id='word_1_76' title='bbox 499 1419 660 1506; x_wconf 85' lang='lat' dir='ltr'><strong>scriptoris</strong></span> <span class='ocrx_word' id='word_1_77' title='bbox 674 1418 801 1489; x_wconf 85' lang='lat' dir='ltr'><strong>libellus</strong></span> <span class='ocrx_word' id='word_1_78' title='bbox 820 1418 940 1485; x_wconf 73' lang='grc' dir='ltr'><strong>’111ιό11</strong></span> <span class='ocrx_word' id='word_1_79' title='bbox 960 1419 1007 1483; x_wconf 71' lang='lat' dir='ltr'><strong>sal</strong></span> <span class='ocrx_word' id='word_1_80' title='bbox 1026 1417 1121 1500; x_wconf 71' lang='lat' dir='ltr'><strong>‘Opi-</strong></span> 
     </span>
     <span class='ocr_line' id='line_1_12' title="bbox 85 1515 1123 1611; baseline 0.005 -31"><span class='ocrx_word' id='word_1_81' title='bbox 85 1541 123 1604; x_wconf 71' lang='lat' dir='ltr'><strong>ge</strong></span> <span class='ocrx_word' id='word_1_82' title='bbox 136 1515 227 1602; x_wconf 69' lang='grc' dir='ltr'><strong>ἁγὼ,</strong></span> <span class='ocrx_word' id='word_1_83' title='bbox 242 1543 340 1606; x_wconf 88' lang='lat' dir='ltr'><strong>quem</strong></span> <span class='ocrx_word' id='word_1_84' title='bbox 359 1544 398 1586; x_wconf 88' lang='lat' dir='ltr'><strong>ex</strong></span> <span class='ocrx_word' id='word_1_85' title='bbox 413 1521 522 1587; x_wconf 90' lang='lat' dir='ltr'><strong>iisdem</strong></span> <span class='ocrx_word' id='word_1_86' title='bbox 538 1535 635 1611; x_wconf 89' lang='lat' dir='ltr'><strong>atque</strong></span> <span class='ocrx_word' id='word_1_87' title='bbox 652 1520 855 1589; x_wconf 83' lang='lat' dir='ltr'><strong>Plutarchess</strong></span> <span class='ocrx_word' id='word_1_88' title='bbox 870 1520 926 1588; x_wconf 77' lang='lat' dir='ltr'><strong>has</strong></span> <span class='ocrx_word' id='word_1_89' title='bbox 942 1519 1123 1594; x_wconf 74' lang='lat' dir='ltr'><strong>mentiones</strong></span> 
     </span>
     <span class='ocr_line' id='line_1_13' title="bbox 84 1616 1121 1713; baseline 0.008 -32"><span class='ocrx_word' id='word_1_90' title='bbox 84 1616 232 1687; x_wconf 82' lang='lat' dir='ltr'><strong>fontibus</strong></span> <span class='ocrx_word' id='word_1_91' title='bbox 247 1621 381 1687; x_wconf 68' lang='lat' dir='ltr'><strong>dasium</strong></span> <span class='ocrx_word' id='word_1_92' title='bbox 398 1624 568 1690; x_wconf 83' lang='lat' dir='ltr'><strong>smilitudo</strong></span> <span class='ocrx_word' id='word_1_93' title='bbox 583 1648 691 1691; x_wconf 91' lang='lat' dir='ltr'><strong>rerum</strong></span> <span class='ocrx_word' id='word_1_94' title='bbox 705 1624 825 1713; x_wconf 74' lang='lat' dir='ltr'><strong>arguit.</strong></span> <span class='ocrx_word' id='word_1_95' title='bbox 848 1621 960 1691; x_wconf 79' lang='lat' dir='ltr'><strong>Sedet</strong></span> <span class='ocrx_word' id='word_1_96' title='bbox 972 1621 1025 1692; x_wconf 81' lang='lat' dir='ltr'><strong>alii</strong></span> <span class='ocrx_word' id='word_1_97' title='bbox 1038 1620 1121 1709; x_wconf 86' lang='lat' dir='ltr'><strong>ejus·</strong></span> 
     </span>
     <span class='ocr_line' id='line_1_14' title="bbox 85 1719 1121 1812; baseline 0.003 -26"><span class='ocrx_word' id='word_1_98' title='bbox 85 1719 164 1787; x_wconf 88' lang='lat' dir='ltr'><strong>dem</strong></span> <span class='ocrx_word' id='word_1_99' title='bbox 191 1727 374 1791; x_wconf 83' lang='lat' dir='ltr'><strong>certaminis</strong></span> <span class='ocrx_word' id='word_1_100' title='bbox 398 1728 634 1793; x_wconf 77' lang='lat' dir='ltr'><strong>memineruntz</strong></span> <span class='ocrx_word' id='word_1_101' title='bbox 666 1727 753 1793; x_wconf 91' lang='lat' dir='ltr'><strong>Dion</strong></span> <span class='ocrx_word' id='word_1_102' title='bbox 775 1725 891 1812; x_wconf 81' lang='lat' dir='ltr'>Chrys.</span> <span class='ocrx_word' id='word_1_103' title='bbox 914 1725 1004 1791; x_wconf 87' lang='lat' dir='ltr'><strong>Orat.</strong></span> <span class='ocrx_word' id='word_1_104' title='bbox 1020 1725 1066 1791; x_wconf 90' lang='lat' dir='ltr'><strong>ll.</strong></span> <span class='ocrx_word' id='word_1_105' title='bbox 1088 1745 1121 1811; x_wconf 90' lang='lat' dir='ltr'><strong>p.</strong></span> 
     </span>
     <span class='ocr_line' id='line_1_15' title="bbox 84 1824 1121 1912; baseline -0.001 -23"><span class='ocrx_word' id='word_1_106' title='bbox 84 1828 142 1889; x_wconf 74' lang='lat'><strong>20&#39;.</strong></span> <span class='ocrx_word' id='word_1_107' title='bbox 158 1824 201 1904; x_wconf 85' lang='lat' dir='ltr'><strong>C,</strong></span> <span class='ocrx_word' id='word_1_108' title='bbox 214 1828 259 1891; x_wconf 95' lang='lat' dir='ltr'><strong>D.</strong></span> <span class='ocrx_word' id='word_1_109' title='bbox 297 1827 502 1894; x_wconf 77' lang='lat' dir='ltr'><strong>Philostratus</strong></span> <span class='ocrx_word' id='word_1_110' title='bbox 524 1829 657 1894; x_wconf 89' lang='lat' dir='ltr'><strong>Heroic.</strong></span> <span class='ocrx_word' id='word_1_111' title='bbox 674 1829 803 1894; x_wconf 84' lang='lat' dir='ltr'><strong>XVIII.</strong></span> <span class='ocrx_word' id='word_1_112' title='bbox 817 1846 851 1911; x_wconf 86' lang='lat'><strong>3.</strong></span> <span class='ocrx_word' id='word_1_113' title='bbox 874 1847 907 1912; x_wconf 89' lang='lat' dir='ltr'><strong>p.</strong></span> <span class='ocrx_word' id='word_1_114' title='bbox 923 1841 997 1909; x_wconf 77' lang='grc'><strong>7117.</strong></span> <span class='ocrx_word' id='word_1_115' title='bbox 1032 1824 1121 1893; x_wconf 56' lang='lat' dir='ltr'><strong>The,</strong></span> 
     </span>
     <span class='ocr_line' id='line_1_16' title="bbox 85 1924 1120 2019; baseline 0.006 -30"><span class='ocrx_word' id='word_1_116' title='bbox 85 1924 208 1991; x_wconf 77' lang='lat' dir='ltr'><strong>anisius</strong></span> <span class='ocrx_word' id='word_1_117' title='bbox 233 1929 289 1994; x_wconf 89' lang='lat' dir='ltr'><strong>Or.</strong></span> <span class='ocrx_word' id='word_1_118' title='bbox 313 1931 423 1996; x_wconf 88' lang='lat' dir='ltr'><strong>XXX.</strong></span> <span class='ocrx_word' id='word_1_119' title='bbox 450 1953 483 2019; x_wconf 90' lang='lat' dir='ltr'><strong>p.</strong></span> <span class='ocrx_word' id='word_1_120' title='bbox 500 1933 576 2018; x_wconf 84' lang='lat'><strong>348.</strong></span> <span class='ocrx_word' id='word_1_121' title='bbox 596 1934 640 1997; x_wconf 91' lang='lat' dir='ltr'><strong>D.</strong></span> <span class='ocrx_word' id='word_1_122' title='bbox 684 1930 837 1996; x_wconf 79' lang='lat' dir='ltr'><strong>Libanim</strong></span> <span class='ocrx_word' id='word_1_123' title='bbox 857 1929 1001 2017; x_wconf 81' lang='lat' dir='ltr'><strong>Apolog.</strong></span> <span class='ocrx_word' id='word_1_124' title='bbox 1027 1931 1120 1997; x_wconf 84' lang='lat' dir='ltr'><strong>Socr.</strong></span> 
     </span>
     <span class='ocr_line' id='line_1_17' title="bbox 82 2028 1120 2122; baseline 0.004 -29"><span class='ocrx_word' id='word_1_125' title='bbox 82 2028 127 2093; x_wconf 90' lang='lat' dir='ltr'><strong>T.</strong></span> <span class='ocrx_word' id='word_1_126' title='bbox 143 2030 171 2094; x_wconf 90' lang='grc' dir='ltr'><strong>Ι.</strong></span> <span class='ocrx_word' id='word_1_127' title='bbox 194 2051 228 2116; x_wconf 88' lang='lat' dir='ltr'><strong>p.</strong></span> <span class='ocrx_word' id='word_1_128' title='bbox 242 2033 318 2117; x_wconf 83' lang='lat'><strong>653.</strong></span> <span class='ocrx_word' id='word_1_129' title='bbox 333 2033 378 2097; x_wconf 90' lang='lat' dir='ltr'><strong>D.</strong></span> <span class='ocrx_word' id='word_1_130' title='bbox 413 2034 501 2122; x_wconf 75' lang='lat' dir='ltr'><strong>Quin</strong></span> <span class='ocrx_word' id='word_1_131' title='bbox 524 2035 589 2121; x_wconf 89' lang='lat' dir='ltr'><strong>ipse</strong></span> <span class='ocrx_word' id='word_1_132' title='bbox 611 2034 769 2100; x_wconf 72' lang='lat' dir='ltr'><strong>Hesiodus</strong></span> <span class='ocrx_word' id='word_1_133' title='bbox 790 2034 957 2120; x_wconf 88' lang='lat' dir='ltr'><strong>profitetur</strong></span> <span class='ocrx_word' id='word_1_134' title='bbox 971 2034 1001 2098; x_wconf 89' lang='lat' dir='ltr'><strong>se</strong></span> <span class='ocrx_word' id='word_1_135' title='bbox 1016 2045 1120 2101; x_wconf 66' lang='lat' dir='ltr'><strong>certa.</strong></span> 
     </span>
     <span class='ocr_line' id='line_1_18' title="bbox 83 2129 1120 2224; baseline 0.004 -29"><span class='ocrx_word' id='word_1_136' title='bbox 83 2129 183 2197; x_wconf 87' lang='lat' dir='ltr'><strong>minis</strong></span> <span class='ocrx_word' id='word_1_137' title='bbox 198 2134 364 2215; x_wconf 83' lang='lat' dir='ltr'><strong>Chalcide,</strong></span> <span class='ocrx_word' id='word_1_138' title='bbox 380 2136 414 2201; x_wconf 91' lang='lat' dir='ltr'><strong>in</strong></span> <span class='ocrx_word' id='word_1_139' title='bbox 434 2137 547 2204; x_wconf 86' lang='lat' dir='ltr'><strong>sunere</strong></span> <span class='ocrx_word' id='word_1_140' title='bbox 566 2136 863 2224; x_wconf 83' lang='lat' dir='ltr'><strong>Amphidamantis,</strong></span> <span class='ocrx_word' id='word_1_141' title='bbox 876 2134 1016 2201; x_wconf 66' lang='lat' dir='ltr'><strong>viderie</strong></span> <span class='ocrx_word' id='word_1_142' title='bbox 1036 2156 1120 2223; x_wconf 57' lang='lat' dir='ltr'><strong>prae,</strong></span> 
     </span>
     <span class='ocr_line' id='line_1_19' title="bbox 84 2231 1122 2325; baseline 0.007 -28"><span class='ocrx_word' id='word_1_143' title='bbox 84 2231 189 2299; x_wconf 87' lang='lat' dir='ltr'><strong>mium</strong></span> <span class='ocrx_word' id='word_1_144' title='bbox 212 2236 371 2322; x_wconf 90' lang='lat' dir='ltr'><strong>tripodem</strong></span> <span class='ocrx_word' id='word_1_145' title='bbox 387 2240 567 2325; x_wconf 85' lang='lat' dir='ltr'><strong>reportasse,</strong></span> <span class='ocrx_word' id='word_1_146' title='bbox 586 2238 712 2304; x_wconf 90' lang='lat' dir='ltr'><strong>nullum</strong></span> <span class='ocrx_word' id='word_1_147' title='bbox 727 2251 835 2304; x_wconf 86' lang='lat' dir='ltr'><strong>tamen</strong></span> <span class='ocrx_word' id='word_1_148' title='bbox 849 2251 955 2325; x_wconf 80' lang='lat' dir='ltr'><strong>poetae</strong></span> <span class='ocrx_word' id='word_1_149' title='bbox 969 2260 988 2302; x_wconf 88' lang='lat' dir='ltr'><strong>a</strong></span> <span class='ocrx_word' id='word_1_150' title='bbox 1000 2238 1032 2304; x_wconf 88' lang='lat' dir='ltr'><strong>se</strong></span> <span class='ocrx_word' id='word_1_151' title='bbox 1047 2236 1122 2304; x_wconf 80' lang='grc'><strong>11811</strong></span> 
     </span>
    </p>
   </div>
   <div class='ocr_carea' id='block_1_3' title="bbox 85 2337 1223 2428">
    <p class='ocr_par' dir='ltr' id='par_1_5' title="bbox 85 2337 1223 2428">
     <span class='ocr_line' id='line_1_20' title="bbox 85 2337 1223 2428; baseline 0.009 -31"><span class='ocrx_word' id='word_1_152' title='bbox 85 2355 205 2400; x_wconf 89' lang='lat' dir='ltr'><strong>nomen</strong></span> <span class='ocrx_word' id='word_1_153' title='bbox 224 2337 345 2404; x_wconf 89' lang='lat' dir='ltr'><strong>addens</strong></span> <span class='ocrx_word' id='word_1_154' title='bbox 352 2365 362 2418; x_wconf 86' lang='lat'>3</span> <span class='ocrx_word' id='word_1_155' title='bbox 381 2339 471 2427; x_wconf 72' lang='grc' dir='ltr'><strong>Ἔργ.</strong></span> <span class='ocrx_word' id='word_1_156' title='bbox 486 2343 562 2427; x_wconf 82' lang='lat'><strong>652.</strong></span> <span class='ocrx_word' id='word_1_157' title='bbox 578 2341 643 2428; x_wconf 89' lang='lat' dir='ltr'><strong>seq.</strong></span> <span class='ocrx_word' id='word_1_158' title='bbox 678 2341 727 2406; x_wconf 90' lang='lat' dir='ltr'><strong>At</strong></span> <span class='ocrx_word' id='word_1_159' title='bbox 747 2339 938 2406; x_wconf 78' lang='lat' dir='ltr'><strong>Plutarchus</strong></span> <span class='ocrx_word' id='word_1_160' title='bbox 959 2340 992 2404; x_wconf 91' lang='lat' dir='ltr'><strong>in</strong></span> <span class='ocrx_word' id='word_1_161' title='bbox 1017 2339 1119 2406; x_wconf 75' lang='lat' dir='ltr'><strong>Com·</strong></span> <span class='ocrx_word' id='word_1_162' title='bbox 1217 2376 1223 2389; x_wconf 44' lang='lat' dir='ltr'>x</span> 
     </span>
    </p>
   </div>
   <div class='ocr_carea' id='block_1_4' title="bbox 83 2439 1121 4359">
    <p class='ocr_par' dir='ltr' id='par_1_6' title="bbox 83 2439 1121 4359">
     <span class='ocr_line' id='line_1_21' title="bbox 83 2439 1119 2530; baseline 0.007 -29"><span class='ocrx_word' id='word_1_163' title='bbox 83 2439 235 2504; x_wconf 88' lang='lat' dir='ltr'><strong>mentarii</strong></span> <span class='ocrx_word' id='word_1_164' title='bbox 260 2456 363 2527; x_wconf 86' lang='lat' dir='ltr'><strong>parte,</strong></span> <span class='ocrx_word' id='word_1_165' title='bbox 386 2464 481 2529; x_wconf 91' lang='lat' dir='ltr'><strong>quem</strong></span> <span class='ocrx_word' id='word_1_166' title='bbox 506 2444 673 2508; x_wconf 87' lang='lat' dir='ltr'><strong>retulimus</strong></span> <span class='ocrx_word' id='word_1_167' title='bbox 700 2443 733 2508; x_wconf 94' lang='lat' dir='ltr'><strong>in</strong></span> <span class='ocrx_word' id='word_1_168' title='bbox 757 2441 956 2529; x_wconf 79' lang='lat' dir='ltr'><strong>Fragmentis</strong></span> <span class='ocrx_word' id='word_1_169' title='bbox 980 2444 1041 2509; x_wconf 90' lang='lat' dir='ltr'><strong>Xl.</strong></span> <span class='ocrx_word' id='word_1_170' title='bbox 1063 2445 1119 2530; x_wconf 84' lang='lat'><strong>36.</strong></span> 
     </span>
     <span class='ocr_line' id='line_1_22' title="bbox 85 2540 1121 2631; baseline 0.007 -29"><span class='ocrx_word' id='word_1_171' title='bbox 85 2550 195 2604; x_wconf 85' lang='lat' dir='ltr'><strong>toturn</strong></span> <span class='ocrx_word' id='word_1_172' title='bbox 220 2540 307 2608; x_wconf 93' lang='lat' dir='ltr'><strong>hunc</strong></span> <span class='ocrx_word' id='word_1_173' title='bbox 331 2543 440 2609; x_wconf 89' lang='lat' dir='ltr'><strong>locum</strong></span> <span class='ocrx_word' id='word_1_174' title='bbox 464 2543 629 2609; x_wconf 84' lang='lat' dir='ltr'><strong>infititium</strong></span> <span class='ocrx_word' id='word_1_175' title='bbox 650 2541 801 2631; x_wconf 84' lang='lat' dir='ltr'><strong>judicans</strong></span> <span class='ocrx_word' id='word_1_176' title='bbox 824 2565 844 2607; x_wconf 91' lang='lat' dir='ltr'><strong>a</strong></span> <span class='ocrx_word' id='word_1_177' title='bbox 868 2545 958 2609; x_wconf 85' lang='lat' dir='ltr'><strong>versu</strong></span> <span class='ocrx_word' id='word_1_178' title='bbox 978 2545 1053 2626; x_wconf 86' lang='lat'><strong>648.</strong></span> <span class='ocrx_word' id='word_1_179' title='bbox 1078 2544 1121 2609; x_wconf 89' lang='lat' dir='ltr'><strong>ad</strong></span> 
     </span>
     <span class='ocr_line' id='line_1_23' title="bbox 84 2643 1120 2733; baseline 0.006 -28"><span class='ocrx_word' id='word_1_180' title='bbox 84 2643 161 2706; x_wconf 90' lang='lat'><strong>660.</strong></span> <span class='ocrx_word' id='word_1_181' title='bbox 190 2643 234 2707; x_wconf 88' lang='lat' dir='ltr'><strong>ita</strong></span> <span class='ocrx_word' id='word_1_182' title='bbox 257 2644 412 2731; x_wconf 87' lang='lat' dir='ltr'><strong>loquitur,</strong></span> <span class='ocrx_word' id='word_1_183' title='bbox 438 2659 477 2711; x_wconf 93' lang='lat' dir='ltr'><strong>ut</strong></span> <span class='ocrx_word' id='word_1_184' title='bbox 502 2645 805 2733; x_wconf 87' lang='lat' dir='ltr'><strong>Amphidamantem</strong></span> <span class='ocrx_word' id='word_1_185' title='bbox 832 2666 892 2731; x_wconf 91' lang='lat' dir='ltr'><strong>pro</strong></span> <span class='ocrx_word' id='word_1_186' title='bbox 913 2645 1036 2710; x_wconf 87' lang='lat' dir='ltr'><strong>civibus</strong></span> <span class='ocrx_word' id='word_1_187' title='bbox 1057 2645 1120 2711; x_wconf 84' lang='lat' dir='ltr'><strong>suis</strong></span> 
     </span>
     <span class='ocr_line' id='line_1_24' title="bbox 86 2742 1120 2835; baseline 0.005 -27"><span class='ocrx_word' id='word_1_188' title='bbox 86 2742 346 2813; x_wconf 84' lang='lat' dir='ltr'><strong>Chalcidenfibus</strong></span> <span class='ocrx_word' id='word_1_189' title='bbox 367 2749 408 2814; x_wconf 92' lang='lat' dir='ltr'><strong>de</strong></span> <span class='ocrx_word' id='word_1_190' title='bbox 430 2750 566 2814; x_wconf 86' lang='lat' dir='ltr'><strong>Lelanto</strong></span> <span class='ocrx_word' id='word_1_191' title='bbox 589 2746 734 2813; x_wconf 88' lang='lat' dir='ltr'><strong>adversus</strong></span> <span class='ocrx_word' id='word_1_192' title='bbox 751 2746 946 2811; x_wconf 83' lang='lat' dir='ltr'><strong>Eretrienses</strong></span> <span class='ocrx_word' id='word_1_193' title='bbox 971 2769 1120 2835; x_wconf 80' lang='lat' dir='ltr'><strong>pugnan-</strong></span> 
     </span>
     <span class='ocr_line' id='line_1_25' title="bbox 84 2847 1120 2929; baseline -0.003 -18"><span class='ocrx_word' id='word_1_194' title='bbox 84 2858 153 2911; x_wconf 84' lang='lat' dir='ltr'><strong>tem</strong></span> <span class='ocrx_word' id='word_1_195' title='bbox 168 2848 287 2929; x_wconf 86' lang='lat' dir='ltr'><strong>obiisse,</strong></span> <span class='ocrx_word' id='word_1_196' title='bbox 307 2864 341 2915; x_wconf 92' lang='lat' dir='ltr'><strong>et</strong></span> <span class='ocrx_word' id='word_1_197' title='bbox 356 2850 481 2915; x_wconf 79' lang='lat' dir='ltr'><strong>funebri</strong></span> <span class='ocrx_word' id='word_1_198' title='bbox 496 2850 671 2914; x_wconf 85' lang='lat' dir='ltr'><strong>certamine</strong></span> <span class='ocrx_word' id='word_1_199' title='bbox 690 2847 895 2926; x_wconf 86' lang='lat' dir='ltr'><strong>honoratum,</strong></span> <span class='ocrx_word' id='word_1_200' title='bbox 914 2869 978 2912; x_wconf 90' lang='lat' dir='ltr'><strong>non</strong></span> <span class='ocrx_word' id='word_1_201' title='bbox 1003 2847 1037 2911; x_wconf 91' lang='lat' dir='ltr'><strong>in</strong></span> <span class='ocrx_word' id='word_1_202' title='bbox 1056 2847 1120 2913; x_wconf 71' lang='lat' dir='ltr'><strong>du.</strong></span> 
     </span>
     <span class='ocr_line' id='line_1_26' title="bbox 85 2948 1120 3033; baseline 0.002 -20"><span class='ocrx_word' id='word_1_203' title='bbox 85 2948 176 3013; x_wconf 89' lang='lat' dir='ltr'><strong>bium</strong></span> <span class='ocrx_word' id='word_1_204' title='bbox 198 2965 311 3016; x_wconf 85' lang='lat' dir='ltr'><strong>vocet:</strong></span> <span class='ocrx_word' id='word_1_205' title='bbox 340 2965 386 3029; x_wconf 91' lang='lat' dir='ltr'><strong>at,</strong></span> <span class='ocrx_word' id='word_1_206' title='bbox 410 2954 591 3017; x_wconf 86' lang='lat' dir='ltr'><strong>Homerum</strong></span> <span class='ocrx_word' id='word_1_207' title='bbox 611 2965 645 3014; x_wconf 91' lang='lat' dir='ltr'><strong>et</strong></span> <span class='ocrx_word' id='word_1_208' title='bbox 667 2948 843 3014; x_wconf 77' lang='lat' dir='ltr'><strong>Hesiodum</strong></span> <span class='ocrx_word' id='word_1_209' title='bbox 869 2949 1011 3033; x_wconf 77' lang='lat' dir='ltr'><strong>certasse,</strong></span> <span class='ocrx_word' id='word_1_210' title='bbox 1031 2949 1120 3016; x_wconf 88' lang='lat' dir='ltr'><strong>bunc</strong></span> 
     </span>
     <span class='ocr_line' id='line_1_27' title="bbox 85 3046 1118 3140; baseline 0.002 -25"><span class='ocrx_word' id='word_1_211' title='bbox 85 3049 238 3116; x_wconf 74' lang='lat' dir='ltr'><strong>visionem</strong></span> <span class='ocrx_word' id='word_1_212' title='bbox 261 3054 430 3139; x_wconf 76' lang='lat' dir='ltr'><strong>premium</strong></span> <span class='ocrx_word' id='word_1_213' title='bbox 453 3053 612 3140; x_wconf 89' lang='lat' dir='ltr'><strong>tripodem</strong></span> <span class='ocrx_word' id='word_1_214' title='bbox 638 3050 792 3117; x_wconf 83' lang='lat' dir='ltr'><strong>abstulisse</strong></span> <span class='ocrx_word' id='word_1_215' title='bbox 815 3065 851 3116; x_wconf 88' lang='lat' dir='ltr'><strong>et</strong></span> <span class='ocrx_word' id='word_1_216' title='bbox 874 3046 1027 3138; x_wconf 87' lang='lat' dir='ltr'><strong>inscripto</strong></span> <span class='ocrx_word' id='word_1_217' title='bbox 1048 3050 1118 3139; x_wconf 90' lang='lat' dir='ltr'><strong>epi·</strong></span> 
     </span>
     <span class='ocr_line' id='line_1_28' title="bbox 84 3152 1119 3241; baseline 0.003 -25"><span class='ocrx_word' id='word_1_218' title='bbox 84 3167 267 3238; x_wconf 82' lang='lat' dir='ltr'><strong>grammate</strong></span> <span class='ocrx_word' id='word_1_219' title='bbox 281 3155 381 3220; x_wconf 83' lang='lat' dir='ltr'><strong>Musis</strong></span> <span class='ocrx_word' id='word_1_220' title='bbox 398 3155 431 3220; x_wconf 92' lang='lat' dir='ltr'><strong>in</strong></span> <span class='ocrx_word' id='word_1_221' title='bbox 452 3156 609 3220; x_wconf 89' lang='lat' dir='ltr'><strong>Helicone</strong></span> <span class='ocrx_word' id='word_1_222' title='bbox 628 3152 829 3232; x_wconf 79' lang='lat' dir='ltr'><strong>consecrasse,</strong></span> <span class='ocrx_word' id='word_1_223' title='bbox 843 3153 955 3219; x_wconf 75' lang='lat' dir='ltr'><strong>fluum</strong></span> <span class='ocrx_word' id='word_1_224' title='bbox 976 3167 1119 3241; x_wconf 84' lang='lat' dir='ltr'><strong>nugato-</strong></span> 
     </span>
     <span class='ocr_line' id='line_1_29' title="bbox 85 3253 1118 3343; baseline 0.003 -25"><span class='ocrx_word' id='word_1_225' title='bbox 85 3254 234 3343; x_wconf 87' lang='lat' dir='ltr'><strong>riumque</strong></span> <span class='ocrx_word' id='word_1_226' title='bbox 251 3257 452 3342; x_wconf 90' lang='lat' dir='ltr'><strong>pronunciet.</strong></span> <span class='ocrx_word' id='word_1_227' title='bbox 491 3259 587 3322; x_wconf 90' lang='lat' dir='ltr'><strong>Certe</strong></span> <span class='ocrx_word' id='word_1_228' title='bbox 608 3278 660 3319; x_wconf 91' lang='lat' dir='ltr'><strong>me</strong></span> <span class='ocrx_word' id='word_1_229' title='bbox 673 3253 804 3341; x_wconf 90' lang='lat' dir='ltr'><strong>quidem</strong></span> <span class='ocrx_word' id='word_1_230' title='bbox 819 3277 883 3319; x_wconf 90' lang='lat' dir='ltr'><strong>non</strong></span> <span class='ocrx_word' id='word_1_231' title='bbox 898 3255 1043 3341; x_wconf 78' lang='lat' dir='ltr'><strong>poenitet,</strong></span> <span class='ocrx_word' id='word_1_232' title='bbox 1058 3278 1118 3321; x_wconf 67' lang='lat' dir='ltr'><strong>eo»</strong></span> 
     </span>
     <span class='ocr_line' id='line_1_30' title="bbox 86 3355 1118 3446; baseline 0.002 -25"><span class='ocrx_word' id='word_1_233' title='bbox 86 3378 160 3421; x_wconf 90' lang='lat' dir='ltr'><strong>rum</strong></span> <span class='ocrx_word' id='word_1_234' title='bbox 182 3358 369 3423; x_wconf 82' lang='lat' dir='ltr'><strong>sententiam</strong></span> <span class='ocrx_word' id='word_1_235' title='bbox 393 3359 491 3446; x_wconf 89' lang='lat' dir='ltr'><strong>sequi,</strong></span> <span class='ocrx_word' id='word_1_236' title='bbox 507 3359 622 3443; x_wconf 88' lang='lat' dir='ltr'><strong>quibus</strong></span> <span class='ocrx_word' id='word_1_237' title='bbox 645 3359 808 3428; x_wconf 87' lang='lat' dir='ltr'><strong>Homerus</strong></span> <span class='ocrx_word' id='word_1_238' title='bbox 829 3355 886 3421; x_wconf 92' lang='lat' dir='ltr'><strong>diu</strong></span> <span class='ocrx_word' id='word_1_239' title='bbox 908 3369 982 3421; x_wconf 88' lang='lat' dir='ltr'><strong>ante</strong></span> <span class='ocrx_word' id='word_1_240' title='bbox 1004 3358 1118 3424; x_wconf 85' lang='lat' dir='ltr'><strong>Hefio-</strong></span> 
     </span>
     <span class='ocr_line' id='line_1_31' title="bbox 86 3457 1119 3525; baseline 0.004 -5"><span class='ocrx_word' id='word_1_241' title='bbox 86 3457 165 3521; x_wconf 90' lang='lat' dir='ltr'><strong>dum</strong></span> <span class='ocrx_word' id='word_1_242' title='bbox 181 3457 271 3523; x_wconf 83' lang='lat' dir='ltr'><strong>fuisse</strong></span> <span class='ocrx_word' id='word_1_243' title='bbox 285 3459 420 3524; x_wconf 89' lang='lat' dir='ltr'><strong>videtur.</strong></span> <span class='ocrx_word' id='word_1_244' title='bbox 457 3458 547 3525; x_wconf 87' lang='lat' dir='ltr'><strong>Bella</strong></span> <span class='ocrx_word' id='word_1_245' title='bbox 562 3457 819 3523; x_wconf 73' lang='lat' dir='ltr'><strong>Chalcidensium</strong></span> <span class='ocrx_word' id='word_1_246' title='bbox 840 3469 873 3522; x_wconf 91' lang='lat' dir='ltr'><strong>et</strong></span> <span class='ocrx_word' id='word_1_247' title='bbox 896 3457 1119 3524; x_wconf 81' lang='lat' dir='ltr'><strong>Eretriensrum</strong></span> 
     </span>
     <span class='ocr_line' id='line_1_32' title="bbox 86 3557 1119 3647; baseline 0.005 -25"><span class='ocrx_word' id='word_1_248' title='bbox 86 3557 127 3623; x_wconf 89' lang='lat' dir='ltr'><strong>de</strong></span> <span class='ocrx_word' id='word_1_249' title='bbox 144 3560 279 3624; x_wconf 86' lang='lat' dir='ltr'><strong>Lelanto</strong></span> <span class='ocrx_word' id='word_1_250' title='bbox 292 3583 407 3647; x_wconf 89' lang='lat' dir='ltr'><strong>campo</strong></span> <span class='ocrx_word' id='word_1_251' title='bbox 423 3562 508 3647; x_wconf 87' lang='lat' dir='ltr'><strong>gesta</strong></span> <span class='ocrx_word' id='word_1_252' title='bbox 522 3573 680 3624; x_wconf 86' lang='lat' dir='ltr'><strong>memorat</strong></span> <span class='ocrx_word' id='word_1_253' title='bbox 693 3559 790 3624; x_wconf 87' lang='lat' dir='ltr'><strong>etiam</strong></span> <span class='ocrx_word' id='word_1_254' title='bbox 808 3560 921 3624; x_wconf 88' lang='lat' dir='ltr'><strong>Strabo</strong></span> <span class='ocrx_word' id='word_1_255' title='bbox 937 3561 979 3623; x_wconf 92' lang='lat' dir='ltr'><strong>X.</strong></span> <span class='ocrx_word' id='word_1_256' title='bbox 995 3582 1028 3647; x_wconf 94' lang='lat' dir='ltr'><strong>p.</strong></span> <span class='ocrx_word' id='word_1_257' title='bbox 1043 3561 1119 3627; x_wconf 85' lang='lat'><strong>688.</strong></span> 
     </span>
     <span class='ocr_line' id='line_1_33' title="bbox 86 3660 1119 3747; baseline -0.002 -17"><span class='ocrx_word' id='word_1_258' title='bbox 86 3665 113 3730; x_wconf 87' lang='lat' dir='ltr'>B</span> <span class='ocrx_word' id='word_1_259' title='bbox 127 3689 136 3727; x_wconf 77' lang='grc'><strong>1</strong></span> <span class='ocrx_word' id='word_1_260' title='bbox 160 3663 331 3728; x_wconf 84' lang='lat' dir='ltr'><strong>lelantum</strong></span> <span class='ocrx_word' id='word_1_261' title='bbox 341 3664 436 3728; x_wconf 83' lang='lat' dir='ltr'><strong>idem</strong></span> <span class='ocrx_word' id='word_1_262' title='bbox 453 3664 527 3727; x_wconf 90' lang='lat'><strong>686.</strong></span> <span class='ocrx_word' id='word_1_263' title='bbox 543 3664 585 3727; x_wconf 92' lang='lat' dir='ltr'><strong>A.</strong></span> <span class='ocrx_word' id='word_1_264' title='bbox 608 3662 715 3747; x_wconf 90' lang='lat' dir='ltr'><strong>ibique</strong></span> <span class='ocrx_word' id='word_1_265' title='bbox 730 3660 955 3735; x_wconf 80' lang='lat' dir='ltr'><strong>Casaubonus:</strong></span> <span class='ocrx_word' id='word_1_266' title='bbox 979 3661 1119 3728; x_wconf 85' lang='lat' dir='ltr'><strong>Maasvi·</strong></span> 
     </span>
     <span class='ocr_line' id='line_1_34' title="bbox 86 3763 1120 3852; baseline -0.002 -24"><span class='ocrx_word' id='word_1_267' title='bbox 86 3765 156 3828; x_wconf 90' lang='lat' dir='ltr'><strong>cius</strong></span> <span class='ocrx_word' id='word_1_268' title='bbox 177 3765 218 3828; x_wconf 91' lang='lat' dir='ltr'><strong>ad</strong></span> <span class='ocrx_word' id='word_1_269' title='bbox 242 3765 382 3852; x_wconf 89' lang='lat' dir='ltr'><strong>Polyaen.</strong></span> <span class='ocrx_word' id='word_1_270' title='bbox 399 3767 426 3829; x_wconf 87' lang='lat'><strong>1.</strong></span> <span class='ocrx_word' id='word_1_271' title='bbox 441 3784 474 3849; x_wconf 88' lang='lat'><strong>5.</strong></span> <span class='ocrx_word' id='word_1_272' title='bbox 503 3765 648 3829; x_wconf 85' lang='lat' dir='ltr'><strong>AElianus</strong></span> <span class='ocrx_word' id='word_1_273' title='bbox 662 3765 738 3828; x_wconf 88' lang='lat' dir='ltr'><strong>Var.</strong></span> <span class='ocrx_word' id='word_1_274' title='bbox 758 3763 839 3826; x_wconf 86' lang='lat' dir='ltr'><strong>Hist.</strong></span> <span class='ocrx_word' id='word_1_275' title='bbox 851 3764 910 3826; x_wconf 90' lang='lat' dir='ltr'><strong>V-1.</strong></span> <span class='ocrx_word' id='word_1_276' title='bbox 926 3782 956 3828; x_wconf 89' lang='lat'><strong>1.</strong></span> <span class='ocrx_word' id='word_1_277' title='bbox 969 3763 1015 3827; x_wconf 86' lang='lat' dir='ltr'><strong>ibi</strong></span> <span class='ocrx_word' id='word_1_278' title='bbox 1033 3765 1120 3830; x_wconf 75' lang='lat' dir='ltr'><strong>Peri.</strong></span> 
     </span>
     <span class='ocr_line' id='line_1_35' title="bbox 87 3865 1119 3952; baseline -0.003 -19"><span class='ocrx_word' id='word_1_279' title='bbox 87 3868 221 3933; x_wconf 85' lang='lat' dir='ltr'><strong>zonius:</strong></span> <span class='ocrx_word' id='word_1_280' title='bbox 244 3883 278 3931; x_wconf 92' lang='lat' dir='ltr'><strong>et</strong></span> <span class='ocrx_word' id='word_1_281' title='bbox 292 3868 449 3931; x_wconf 87' lang='lat' dir='ltr'><strong>Cellarius</strong></span> <span class='ocrx_word' id='word_1_282' title='bbox 465 3868 586 3952; x_wconf 87' lang='lat' dir='ltr'><strong>Geogr.</strong></span> <span class='ocrx_word' id='word_1_283' title='bbox 601 3865 738 3950; x_wconf 86' lang='lat' dir='ltr'><strong>Antiqu.</strong></span> <span class='ocrx_word' id='word_1_284' title='bbox 755 3865 794 3927; x_wconf 88' lang='lat' dir='ltr'><strong>T.</strong></span> <span class='ocrx_word' id='word_1_285' title='bbox 811 3866 838 3928; x_wconf 94' lang='lat' dir='ltr'><strong>l.</strong></span> <span class='ocrx_word' id='word_1_286' title='bbox 858 3886 891 3949; x_wconf 93' lang='lat' dir='ltr'><strong>p.</strong></span> <span class='ocrx_word' id='word_1_287' title='bbox 907 3865 981 3950; x_wconf 89' lang='lat'><strong>813.</strong></span> <span class='ocrx_word' id='word_1_288' title='bbox 1004 3865 1119 3930; x_wconf 84' lang='lat' dir='ltr'><strong>Lelan-</strong></span> 
     </span>
     <span class='ocr_line' id='line_1_36' title="bbox 86 3964 1119 4054; baseline -0.001 -21"><span class='ocrx_word' id='word_1_289' title='bbox 86 3982 147 4047; x_wconf 82' lang='lat' dir='ltr'><strong>tus,</strong></span> <span class='ocrx_word' id='word_1_290' title='bbox 161 3969 261 4033; x_wconf 88' lang='lat' dir='ltr'><strong>verior</strong></span> <span class='ocrx_word' id='word_1_291' title='bbox 277 3971 319 4032; x_wconf 89' lang='lat' dir='ltr'><strong>est</strong></span> <span class='ocrx_word' id='word_1_292' title='bbox 338 3968 510 4054; x_wconf 88' lang='lat' dir='ltr'><strong>scriptura:</strong></span> <span class='ocrx_word' id='word_1_293' title='bbox 536 3967 677 4030; x_wconf 81' lang='lat' dir='ltr'><strong>Lisantus</strong></span> <span class='ocrx_word' id='word_1_294' title='bbox 694 3967 725 4029; x_wconf 91' lang='lat' dir='ltr'><strong>in</strong></span> <span class='ocrx_word' id='word_1_295' title='bbox 744 3965 808 4028; x_wconf 89' lang='lat' dir='ltr'><strong>boc</strong></span> <span class='ocrx_word' id='word_1_296' title='bbox 822 3964 888 4030; x_wconf 91' lang='lat' dir='ltr'><strong>solo</strong></span> <span class='ocrx_word' id='word_1_297' title='bbox 901 3964 1020 4051; x_wconf 82' lang='lat' dir='ltr'><strong>legitur</strong></span> <span class='ocrx_word' id='word_1_298' title='bbox 1035 3965 1119 4047; x_wconf 91' lang='lat' dir='ltr'><strong>loco,</strong></span> 
     </span>
     <span class='ocr_line' id='line_1_37' title="bbox 86 4067 1120 4157; baseline -0.001 -21"><span class='ocrx_word' id='word_1_299' title='bbox 86 4071 140 4136; x_wconf 91' lang='lat' dir='ltr'><strong>sed</strong></span> <span class='ocrx_word' id='word_1_300' title='bbox 163 4072 312 4136; x_wconf 86' lang='lat' dir='ltr'><strong>omnibus</strong></span> <span class='ocrx_word' id='word_1_301' title='bbox 332 4071 419 4136; x_wconf 86' lang='lat' dir='ltr'><strong>libris</strong></span> <span class='ocrx_word' id='word_1_302' title='bbox 439 4070 723 4148; x_wconf 86' lang='lat' dir='ltr'><strong>consentientibus,</strong></span> <span class='ocrx_word' id='word_1_303' title='bbox 745 4080 881 4154; x_wconf 84' lang='lat' dir='ltr'><strong>excepto</strong></span> <span class='ocrx_word' id='word_1_304' title='bbox 902 4067 996 4133; x_wconf 91' lang='lat' dir='ltr'><strong>Harl.</strong></span> <span class='ocrx_word' id='word_1_305' title='bbox 1014 4087 1043 4132; x_wconf 93' lang='lat'><strong>1.</strong></span> <span class='ocrx_word' id='word_1_306' title='bbox 1063 4069 1120 4157; x_wconf 91' lang='lat' dir='ltr'><strong>qui</strong></span> 
     </span>
     <span class='ocr_line' id='line_1_38' title="bbox 85 4173 308 4238; baseline -0.009 0"><span class='ocrx_word' id='word_1_307' title='bbox 85 4173 143 4238; x_wconf 86' lang='lat' dir='ltr'><strong>dat</strong></span> <span class='ocrx_word' id='word_1_308' title='bbox 158 4173 308 4236; x_wconf 69' lang='grc' dir='ltr'><strong>Λαλᾶντε.</strong></span> 
     </span>
     <span class='ocr_line' id='line_1_39' title="bbox 134 4270 1014 4359; baseline -0.001 -20"><span class='ocrx_word' id='word_1_309' title='bbox 134 4294 206 4359; x_wconf 80' lang='grc'><strong>153.</strong></span> <span class='ocrx_word' id='word_1_310' title='bbox 224 4277 258 4339; x_wconf 79' lang='lat' dir='ltr'><strong>F.</strong></span> <span class='ocrx_word' id='word_1_311' title='bbox 280 4275 424 4359; x_wconf 56' lang='lat' dir='ltr'><strong>neutrale]</strong></span> <span class='ocrx_word' id='word_1_312' title='bbox 448 4273 596 4359; x_wconf 74' lang='grc' dir='ltr'><strong><em>πολεμικὸς</em></strong></span> <span class='ocrx_word' id='word_1_313' title='bbox 610 4275 654 4340; x_wconf 81' lang='lat' dir='ltr'><strong>esi</strong></span> <span class='ocrx_word' id='word_1_314' title='bbox 666 4271 764 4339; x_wconf 89' lang='lat' dir='ltr'><strong>etiam</strong></span> <span class='ocrx_word' id='word_1_315' title='bbox 777 4270 810 4338; x_wconf 89' lang='lat' dir='ltr'><strong>in</strong></span> <span class='ocrx_word' id='word_1_316' title='bbox 824 4270 919 4353; x_wconf 79' lang='lat' dir='ltr'><strong>Harl.</strong></span> <span class='ocrx_word' id='word_1_317' title='bbox 937 4290 1014 4342; x_wconf 83' lang='grc'><strong>1.11.</strong></span> 
     </span>
    </p>
   </div>
   <div class='ocr_carea' id='block_1_5' title="bbox 0 0 1350 4770">
    <p class='ocr_par' dir='ltr' id='par_1_7' title="bbox 0 0 1350 4770">
     <span class='ocr_line' id='line_1_40' title="bbox 0 0 1350 4770; baseline 0 0"><span class='ocrx_word' id='word_1_318' title='bbox 0 0 1350 4770; x_wconf 95' lang='lat' dir='ltr'><strong> </strong></span> 
     </span>
    </p>
   </div>
  </div>
 </body>
</html>
