<?xml version="1.0" encoding="UTF-8"?>
<!DOCTYPE html PUBLIC "-//W3C//DTD XHTML 1.0 Transitional//EN"
    "http://www.w3.org/TR/xhtml1/DTD/xhtml1-transitional.dtd">
<html xmlns="http://www.w3.org/1999/xhtml" xml:lang="en" lang="en">
 <head>
  <title>
</title>
<meta http-equiv="Content-Type" content="text/html;charset=utf-8" />
  <meta name='ocr-system' content='tesseract 3.04.00' />
  <meta name='ocr-capabilities' content='ocr_page ocr_carea ocr_par ocr_line ocrx_word'/>
</head>
<body>
  <div class='ocr_page' id='page_1' title='image "./plutarchichaero01plutgoog_0528.png"; bbox 0 0 2692 4770; ppageno 0'>
   <div class='ocr_carea' id='block_1_1' title="bbox 308 250 1170 359">
    <p class='ocr_par' dir='ltr' id='par_1_1' title="bbox 308 250 1170 359">
     <span class='ocr_line' id='line_1_1' title="bbox 308 250 1170 359; baseline -0.001 -18"><span class='ocrx_word' id='word_1_1' title='bbox 308 250 1013 359; x_wconf 76' lang='lat' dir='ltr'><em>Arorrrra.naa.uruuc.p.179.c-r.</em></span> <span class='ocrx_word' id='word_1_2' title='bbox 1095 280 1170 352; x_wconf 86' lang='lat'><em>1067</em></span> 
     </span>
    </p>
   </div>
   <div class='ocr_carea' id='block_1_2' title="bbox 145 435 1178 1239">
    <p class='ocr_par' dir='ltr' id='par_1_2' title="bbox 145 435 1173 734">
     <span class='ocr_line' id='line_1_2' title="bbox 145 435 1173 532; baseline 0.005 -30"><span class='ocrx_word' id='word_1_3' title='bbox 145 435 306 526; x_wconf 85' lang='lat' dir='ltr'><em>judicium</em></span> <span class='ocrx_word' id='word_1_4' title='bbox 321 443 410 507; x_wconf 90' lang='lat' dir='ltr'><em>suum</em></span> <span class='ocrx_word' id='word_1_5' title='bbox 424 443 577 530; x_wconf 82' lang='lat' dir='ltr'><em>profeffus</em></span> <span class='ocrx_word' id='word_1_6' title='bbox 590 443 630 508; x_wconf 70' lang='grc' dir='ltr'><em>ὅτι</em></span> <span class='ocrx_word' id='word_1_7' title='bbox 644 449 772 532; x_wconf 74' lang='grc' dir='ltr'><strong><em>πρᾶγμα</em></strong></span> <span class='ocrx_word' id='word_1_8' title='bbox 784 445 882 531; x_wconf 77' lang='grc' dir='ltr'><strong><em>βραχὺ</em></strong></span> <span class='ocrx_word' id='word_1_9' title='bbox 893 443 1038 518; x_wconf 70' lang='grc' dir='ltr'><strong><em>πολλάκις</em></strong></span> <span class='ocrx_word' id='word_1_10' title='bbox 1056 443 1078 529; x_wconf 77' lang='lat' dir='ltr'><em>&#39;i</em></span> <span class='ocrx_word' id='word_1_11' title='bbox 1098 448 1173 530; x_wconf 68' lang='lat' dir='ltr'><em>piae</em></span> 
     </span>
     <span class='ocr_line' id='line_1_3' title="bbox 152 544 1172 633; baseline 0.003 -28"><span class='ocrx_word' id='word_1_12' title='bbox 152 567 198 618; x_wconf 67' lang='grc' dir='ltr'><em>κον</em></span> <span class='ocrx_word' id='word_1_13' title='bbox 211 545 315 607; x_wconf 69' lang='grc' dir='ltr'><strong><em>παιδιά</em></strong></span> <span class='ocrx_word' id='word_1_14' title='bbox 328 572 369 620; x_wconf 88' lang='grc' dir='ltr'><em>τις</em></span> <span class='ocrx_word' id='word_1_15' title='bbox 383 544 500 628; x_wconf 69' lang='grc' dir='ltr'><strong><em>ἔμφασιν</em></strong></span> <span class='ocrx_word' id='word_1_16' title='bbox 513 547 582 624; x_wconf 68' lang='grc' dir='ltr'><em>ἦθος</em></span> <span class='ocrx_word' id='word_1_17' title='bbox 595 546 714 625; x_wconf 74' lang='grc' dir='ltr'><strong><em>ἔτοῖησιν</em></strong></span> <span class='ocrx_word' id='word_1_18' title='bbox 726 547 835 629; x_wconf 71' lang='grc' dir='ltr'><strong><em>μᾶλλον</em></strong></span> <span class='ocrx_word' id='word_1_19' title='bbox 852 545 868 624; x_wconf 71' lang='grc' dir='ltr'>ἢ</span> <span class='ocrx_word' id='word_1_20' title='bbox 883 546 978 631; x_wconf 75' lang='grc' dir='ltr'><strong><em>μάχαι</em></strong></span> <span class='ocrx_word' id='word_1_21' title='bbox 996 544 1172 633; x_wconf 55' lang='grc' dir='ltr'><em>μυριόνεκροι,</em></span> 
     </span>
     <span class='ocr_line' id='line_1_4' title="bbox 153 646 896 734; baseline 0.009 -28"><span class='ocrx_word' id='word_1_22' title='bbox 153 668 199 721; x_wconf 66' lang='grc' dir='ltr'><strong><em>και</em></strong></span> <span class='ocrx_word' id='word_1_23' title='bbox 210 646 385 733; x_wconf 67' lang='grc' dir='ltr'><strong><em>παρατάξεις</em></strong></span> <span class='ocrx_word' id='word_1_24' title='bbox 398 649 426 723; x_wconf 74' lang='lat' dir='ltr'><em>ai</em></span> <span class='ocrx_word' id='word_1_25' title='bbox 438 646 553 733; x_wconf 62' lang='grc' dir='ltr'><strong><em>μαγίς-αι</em></strong></span> <span class='ocrx_word' id='word_1_26' title='bbox 567 649 589 734; x_wconf 73' lang='lat' dir='ltr'><em>ri,</em></span> <span class='ocrx_word' id='word_1_27' title='bbox 601 647 762 733; x_wconf 69' lang='grc' dir='ltr'><strong><em>πολιορκίαι</em></strong></span> <span class='ocrx_word' id='word_1_28' title='bbox 774 646 896 713; x_wconf 71' lang='grc' dir='ltr'><strong><em>πόλισιν.</em></strong></span> 
     </span>
    </p>

    <p class='ocr_par' dir='ltr' id='par_1_3' title="bbox 153 747 1175 938">
     <span class='ocr_line' id='line_1_5' title="bbox 199 747 1175 836; baseline 0.006 -28"><span class='ocrx_word' id='word_1_29' title='bbox 199 763 270 832; x_wconf 88' lang='lat'>179.</span> <span class='ocrx_word' id='word_1_30' title='bbox 286 747 325 812; x_wconf 89' lang='lat' dir='ltr'><strong>C.</strong></span> <span class='ocrx_word' id='word_1_31' title='bbox 354 747 407 832; x_wconf 85' lang='lat' dir='ltr'><em>a&#39;.]</em></span> <span class='ocrx_word' id='word_1_32' title='bbox 440 751 477 813; x_wconf 92' lang='lat' dir='ltr'><em>In</em></span> <span class='ocrx_word' id='word_1_33' title='bbox 501 749 580 814; x_wconf 75' lang='lat' dir='ltr'><em>Vna</em></span> <span class='ocrx_word' id='word_1_34' title='bbox 601 748 773 814; x_wconf 84' lang='lat' dir='ltr'>Alexandri</span> <span class='ocrx_word' id='word_1_35' title='bbox 800 771 833 836; x_wconf 89' lang='lat' dir='ltr'><em>p.</em></span> <span class='ocrx_word' id='word_1_36' title='bbox 853 750 927 814; x_wconf 88' lang='lat'><strong>666.</strong></span> <span class='ocrx_word' id='word_1_37' title='bbox 947 750 983 814; x_wconf 78' lang='lat' dir='ltr'><strong>F.</strong></span> <span class='ocrx_word' id='word_1_38' title='bbox 1013 748 1175 814; x_wconf 83' lang='lat' dir='ltr'><em>Freinlhe·</em></span> 
     </span>
     <span class='ocr_line' id='line_1_6' title="bbox 153 844 803 938; baseline 0.009 -30"><span class='ocrx_word' id='word_1_39' title='bbox 153 844 237 910; x_wconf 81' lang='lat' dir='ltr'><em>mius</em></span> <span class='ocrx_word' id='word_1_40' title='bbox 253 847 284 911; x_wconf 91' lang='lat' dir='ltr'><em>in</em></span> <span class='ocrx_word' id='word_1_41' title='bbox 299 849 536 935; x_wconf 78' lang='lat' dir='ltr'><strong>supplementis</strong></span> <span class='ocrx_word' id='word_1_42' title='bbox 552 851 596 938; x_wconf 71' lang='lat' dir='ltr'><strong>Q.</strong></span> <span class='ocrx_word' id='word_1_43' title='bbox 611 849 715 915; x_wconf 90' lang='lat' dir='ltr'><em>Curtii</em></span> <span class='ocrx_word' id='word_1_44' title='bbox 730 851 756 914; x_wconf 94' lang='lat' dir='ltr'><strong>I.</strong></span> <span class='ocrx_word' id='word_1_45' title='bbox 772 869 803 916; x_wconf 84' lang='lat'><strong>2.</strong></span> 
     </span>
    </p>

    <p class='ocr_par' dir='ltr' id='par_1_4' title="bbox 152 946 1176 1138">
     <span class='ocr_line' id='line_1_7' title="bbox 199 946 1176 1035; baseline 0.005 -26"><span class='ocrx_word' id='word_1_46' title='bbox 199 963 271 1034; x_wconf 89' lang='lat'><strong>179.</strong></span> <span class='ocrx_word' id='word_1_47' title='bbox 288 948 328 1012; x_wconf 89' lang='lat' dir='ltr'><em>C.</em></span> <span class='ocrx_word' id='word_1_48' title='bbox 350 949 404 1035; x_wconf 80' lang='grc' dir='ltr'>β’.]</span> <span class='ocrx_word' id='word_1_49' title='bbox 432 953 469 1015; x_wconf 92' lang='lat' dir='ltr'><em>ln</em></span> <span class='ocrx_word' id='word_1_50' title='bbox 484 950 561 1015; x_wconf 79' lang='lat' dir='ltr'><em>Vita</em></span> <span class='ocrx_word' id='word_1_51' title='bbox 574 949 746 1016; x_wconf 82' lang='lat' dir='ltr'>Alexandri</span> <span class='ocrx_word' id='word_1_52' title='bbox 760 972 793 1035; x_wconf 91' lang='lat' dir='ltr'><em>p.</em></span> <span class='ocrx_word' id='word_1_53' title='bbox 806 951 880 1016; x_wconf 92' lang='grc'><strong><em>666.</em></strong></span> <span class='ocrx_word' id='word_1_54' title='bbox 892 950 937 1014; x_wconf 90' lang='lat' dir='ltr'><em>D.</em></span> <span class='ocrx_word' id='word_1_55' title='bbox 967 950 1020 1014; x_wconf 85' lang='lat' dir='ltr'><em>De</em></span> <span class='ocrx_word' id='word_1_56' title='bbox 1034 946 1176 1014; x_wconf 82' lang='lat' dir='ltr'><em>Alexan·</em></span> 
     </span>
     <span class='ocr_line' id='line_1_8' title="bbox 152 1046 1156 1138; baseline 0.002 -26"><span class='ocrx_word' id='word_1_57' title='bbox 152 1046 204 1112; x_wconf 89' lang='lat' dir='ltr'><em>dri</em></span> <span class='ocrx_word' id='word_1_58' title='bbox 218 1051 357 1114; x_wconf 81' lang='lat' dir='ltr'><strong>Fortuna</strong></span> <span class='ocrx_word' id='word_1_59' title='bbox 371 1066 427 1116; x_wconf 90' lang='lat' dir='ltr'><em>aut</em></span> <span class='ocrx_word' id='word_1_60' title='bbox 441 1052 524 1117; x_wconf 80' lang='lat' dir='ltr'><em>Vnt.</em></span> <span class='ocrx_word' id='word_1_61' title='bbox 541 1074 574 1138; x_wconf 92' lang='lat' dir='ltr'><em>p.</em></span> <span class='ocrx_word' id='word_1_62' title='bbox 588 1071 663 1137; x_wconf 81' lang='lat'><strong>331.</strong></span> <span class='ocrx_word' id='word_1_63' title='bbox 679 1054 717 1117; x_wconf 91' lang='lat' dir='ltr'><strong>B.</strong></span> <span class='ocrx_word' id='word_1_64' title='bbox 746 1051 937 1117; x_wconf 78' lang='lat' dir='ltr'><em>Freinssrem.</em></span> <span class='ocrx_word' id='word_1_65' title='bbox 951 1050 1028 1115; x_wconf 88' lang='lat' dir='ltr'><em>ibid.</em></span> <span class='ocrx_word' id='word_1_66' title='bbox 1061 1097 1063 1104; x_wconf 70' lang='lat'><em>,</em></span> <span class='ocrx_word' id='word_1_67' title='bbox 1153 1086 1156 1093; x_wconf 95' lang='lat'>·</span> 
     </span>
    </p>

    <p class='ocr_par' dir='ltr' id='par_1_5' title="bbox 199 1150 1178 1239">
     <span class='ocr_line' id='line_1_9' title="bbox 199 1150 1178 1239; baseline 0.004 -27"><span class='ocrx_word' id='word_1_68' title='bbox 199 1165 271 1235; x_wconf 88' lang='lat'><strong>179.</strong></span> <span class='ocrx_word' id='word_1_69' title='bbox 286 1153 323 1216; x_wconf 87' lang='lat' dir='ltr'><strong>E.</strong></span> <span class='ocrx_word' id='word_1_70' title='bbox 346 1151 379 1216; x_wconf 82' lang='grc' dir='ltr'><em>δ’.</em></span> <span class='ocrx_word' id='word_1_71' title='bbox 398 1154 653 1239; x_wconf 58' lang='lat' dir='ltr'><em>’Bassaniam—J</em></span> <span class='ocrx_word' id='word_1_72' title='bbox 679 1154 717 1217; x_wconf 91' lang='lat' dir='ltr'><em>ln</em></span> <span class='ocrx_word' id='word_1_73' title='bbox 731 1151 808 1218; x_wconf 89' lang='lat' dir='ltr'><em>Vita</em></span> <span class='ocrx_word' id='word_1_74' title='bbox 821 1152 914 1217; x_wconf 86' lang='lat' dir='ltr'><strong>Alex.</strong></span> <span class='ocrx_word' id='word_1_75' title='bbox 929 1173 962 1239; x_wconf 90' lang='lat' dir='ltr'><strong>p.</strong></span> <span class='ocrx_word' id='word_1_76' title='bbox 973 1153 1047 1237; x_wconf 90' lang='lat'><strong>679.</strong></span> <span class='ocrx_word' id='word_1_77' title='bbox 1059 1150 1099 1216; x_wconf 88' lang='lat' dir='ltr'><strong>C.</strong></span> <span class='ocrx_word' id='word_1_78' title='bbox 1130 1152 1178 1216; x_wconf 85' lang='lat' dir='ltr'><em>Ex</em></span> 
     </span>
    </p>
   </div>
   <div class='ocr_carea' id='block_1_3' title="bbox 153 1251 1293 1338">
    <p class='ocr_par' dir='ltr' id='par_1_6' title="bbox 153 1251 1293 1338">
     <span class='ocr_line' id='line_1_10' title="bbox 153 1251 1293 1338; baseline 0.009 -25"><span class='ocrx_word' id='word_1_79' title='bbox 153 1252 317 1315; x_wconf 90' lang='lat' dir='ltr'><em>communi</em></span> <span class='ocrx_word' id='word_1_80' title='bbox 338 1251 428 1318; x_wconf 90' lang='lat' dir='ltr'><em>fonte</em></span> <span class='ocrx_word' id='word_1_81' title='bbox 448 1254 549 1319; x_wconf 77' lang='lat' dir='ltr'><em>hausit</em></span> <span class='ocrx_word' id='word_1_82' title='bbox 572 1253 690 1318; x_wconf 84' lang='lat' dir='ltr'><strong>Plinius</strong></span> <span class='ocrx_word' id='word_1_83' title='bbox 706 1253 788 1319; x_wconf 87' lang='lat' dir='ltr'><strong>Hist.</strong></span> <span class='ocrx_word' id='word_1_84' title='bbox 802 1254 880 1318; x_wconf 93' lang='lat' dir='ltr'><em>Nat.</em></span> <span class='ocrx_word' id='word_1_85' title='bbox 896 1254 975 1318; x_wconf 88' lang='lat' dir='ltr'><strong>XII.</strong></span> <span class='ocrx_word' id='word_1_86' title='bbox 990 1271 1055 1338; x_wconf 81' lang='lat'><em>32:</em></span> <span class='ocrx_word' id='word_1_87' title='bbox 1081 1251 1177 1316; x_wconf 76' lang='lat' dir='ltr'><em>Alec-</em></span> <span class='ocrx_word' id='word_1_88' title='bbox 1289 1317 1293 1323; x_wconf 91' lang='lat'><strong>.</strong></span> 
     </span>
    </p>
   </div>
   <div class='ocr_carea' id='block_1_4' title="bbox 108 1353 1295 4283">
    <p class='ocr_par' dir='ltr' id='par_1_7' title="bbox 151 1353 1181 1748">
     <span class='ocr_line' id='line_1_11' title="bbox 153 1353 1177 1443; baseline 0.003 -29"><span class='ocrx_word' id='word_1_89' title='bbox 153 1353 247 1416; x_wconf 89' lang='lat' dir='ltr'><em>andra</em></span> <span class='ocrx_word' id='word_1_90' title='bbox 261 1354 380 1441; x_wconf 88' lang='lat' dir='ltr'><em>Magna</em></span> <span class='ocrx_word' id='word_1_91' title='bbox 395 1357 428 1418; x_wconf 90' lang='lat' dir='ltr'><em>in</em></span> <span class='ocrx_word' id='word_1_92' title='bbox 440 1355 639 1442; x_wconf 72' lang='lat' dir='ltr'><em>pucritiaſsne</em></span> <span class='ocrx_word' id='word_1_93' title='bbox 647 1355 831 1443; x_wconf 81' lang='lat' dir='ltr'><em>parcimonia</em></span> <span class='ocrx_word' id='word_1_94' title='bbox 843 1355 932 1419; x_wconf 78' lang='lat' dir='ltr'><em>thura</em></span> <span class='ocrx_word' id='word_1_95' title='bbox 948 1353 1094 1441; x_wconf 76' lang='lat' dir='ltr'><em>ingerenti</em></span> <span class='ocrx_word' id='word_1_96' title='bbox 1104 1353 1177 1432; x_wconf 83' lang='lat' dir='ltr'><em>aris,</em></span> 
     </span>
     <span class='ocr_line' id='line_1_12' title="bbox 151 1453 1180 1544; baseline 0.005 -30"><span class='ocrx_word' id='word_1_97' title='bbox 151 1453 336 1541; x_wconf 68' lang='lat' dir='ltr'><em>paedagogus</em></span> <span class='ocrx_word' id='word_1_98' title='bbox 357 1456 499 1521; x_wconf 82' lang='lat' dir='ltr'><em>Leonides</em></span> <span class='ocrx_word' id='word_1_99' title='bbox 520 1457 650 1537; x_wconf 77' lang='lat' dir='ltr'><em>dixerat,</em></span> <span class='ocrx_word' id='word_1_100' title='bbox 671 1469 706 1522; x_wconf 87' lang='lat' dir='ltr'><em>ut</em></span> <span class='ocrx_word' id='word_1_101' title='bbox 729 1457 781 1521; x_wconf 87' lang='lat' dir='ltr'><em>illo</em></span> <span class='ocrx_word' id='word_1_102' title='bbox 802 1457 896 1536; x_wconf 81' lang='lat' dir='ltr'><em>modo,</em></span> <span class='ocrx_word' id='word_1_103' title='bbox 921 1480 1010 1544; x_wconf 84' lang='lat' dir='ltr'><em>quarn</em></span> <span class='ocrx_word' id='word_1_104' title='bbox 1033 1455 1180 1542; x_wconf 75' lang='lat' dir='ltr'><em>devicrfflt</em></span> 
     </span>
     <span class='ocr_line' id='line_1_13' title="bbox 154 1555 1181 1647; baseline 0.006 -33"><span class='ocrx_word' id='word_1_105' title='bbox 154 1555 316 1642; x_wconf 81' lang='lat' dir='ltr'><em>thuriferos</em></span> <span class='ocrx_word' id='word_1_106' title='bbox 333 1571 447 1644; x_wconf 83' lang='lat' dir='ltr'><em>genter,</em></span> <span class='ocrx_word' id='word_1_107' title='bbox 459 1558 655 1647; x_wconf 81' lang='lat' dir='ltr'><em>supplicaret.</em></span> <span class='ocrx_word' id='word_1_108' title='bbox 688 1559 733 1622; x_wconf 82' lang='lat' dir='ltr'><em>At</em></span> <span class='ocrx_word' id='word_1_109' title='bbox 752 1557 805 1624; x_wconf 85' lang='lat' dir='ltr'><em>ille</em></span> <span class='ocrx_word' id='word_1_110' title='bbox 822 1558 942 1622; x_wconf 83' lang='lat' dir='ltr'><em>Arabia</em></span> <span class='ocrx_word' id='word_1_111' title='bbox 959 1558 1081 1646; x_wconf 80' lang='lat' dir='ltr'><em>patitur,</em></span> <span class='ocrx_word' id='word_1_112' title='bbox 1095 1557 1181 1622; x_wconf 80' lang='lat' dir='ltr'><em>thare</em></span> 
     </span>
     <span class='ocr_line' id='line_1_14' title="bbox 155 1656 1130 1748; baseline 0.006 -30"><span class='ocrx_word' id='word_1_113' title='bbox 155 1656 284 1743; x_wconf 85' lang='lat' dir='ltr'><em>onustam</em></span> <span class='ocrx_word' id='word_1_114' title='bbox 297 1683 402 1723; x_wconf 79' lang='lat' dir='ltr'><em>navent</em></span> <span class='ocrx_word' id='word_1_115' title='bbox 417 1660 493 1744; x_wconf 81' lang='lat' dir='ltr'><em>misit</em></span> <span class='ocrx_word' id='word_1_116' title='bbox 505 1662 544 1738; x_wconf 89' lang='lat' dir='ltr'><em>ei,</em></span> <span class='ocrx_word' id='word_1_117' title='bbox 560 1663 737 1739; x_wconf 77' lang='lat' dir='ltr'><em>exhortatus,</em></span> <span class='ocrx_word' id='word_1_118' title='bbox 751 1673 787 1724; x_wconf 86' lang='lat' dir='ltr'><em>ut</em></span> <span class='ocrx_word' id='word_1_119' title='bbox 800 1659 887 1748; x_wconf 87' lang='lat' dir='ltr'><em>large</em></span> <span class='ocrx_word' id='word_1_120' title='bbox 900 1661 966 1724; x_wconf 83' lang='lat' dir='ltr'><em>deos</em></span> <span class='ocrx_word' id='word_1_121' title='bbox 980 1661 1130 1725; x_wconf 85' lang='lat' dir='ltr'><em>adoraret.</em></span> 
     </span>
    </p>

    <p class='ocr_par' dir='ltr' id='par_1_8' title="bbox 108 1759 1180 1948">
     <span class='ocr_line' id='line_1_15' title="bbox 202 1759 1180 1849; baseline 0.004 -28"><span class='ocrx_word' id='word_1_122' title='bbox 202 1774 273 1843; x_wconf 91' lang='lat'><strong>179.</strong></span> <span class='ocrx_word' id='word_1_123' title='bbox 286 1760 321 1823; x_wconf 84' lang='lat' dir='ltr'><strong>F.</strong></span> <span class='ocrx_word' id='word_1_124' title='bbox 340 1759 386 1845; x_wconf 64' lang='lat' dir='ltr'><em>A]</em></span> <span class='ocrx_word' id='word_1_125' title='bbox 413 1760 641 1826; x_wconf 88' lang='lat' dir='ltr'><em>Historicorum</em></span> <span class='ocrx_word' id='word_1_126' title='bbox 658 1761 799 1848; x_wconf 90' lang='lat' dir='ltr'><em>quidem,</em></span> <span class='ocrx_word' id='word_1_127' title='bbox 815 1761 871 1848; x_wconf 90' lang='lat' dir='ltr'><em>qui</em></span> <span class='ocrx_word' id='word_1_128' title='bbox 884 1783 1027 1849; x_wconf 85' lang='lat' dir='ltr'><em>pugnam</em></span> <span class='ocrx_word' id='word_1_129' title='bbox 1041 1760 1083 1826; x_wconf 87' lang='lat' dir='ltr'><em>ad</em></span> <span class='ocrx_word' id='word_1_130' title='bbox 1096 1762 1180 1826; x_wconf 88' lang='lat' dir='ltr'><em>Gra·</em></span> 
     </span>
     <span class='ocr_line' id='line_1_16' title="bbox 108 1848 970 1948; baseline 0.002 -24"><span class='ocrx_word' id='word_1_131' title='bbox 108 1848 121 1864; x_wconf 55' lang='lat'>⁵</span> <span class='ocrx_word' id='word_1_132' title='bbox 157 1858 264 1924; x_wconf 90' lang='lat' dir='ltr'><em>nicum</em></span> <span class='ocrx_word' id='word_1_133' title='bbox 281 1874 459 1942; x_wconf 85' lang='lat' dir='ltr'><em>narrarunt,</em></span> <span class='ocrx_word' id='word_1_134' title='bbox 473 1876 507 1926; x_wconf 85' lang='lat' dir='ltr'><em>et</em></span> <span class='ocrx_word' id='word_1_135' title='bbox 521 1863 694 1947; x_wconf 69' lang='lat' dir='ltr'><em>supersunt,</em></span> <span class='ocrx_word' id='word_1_136' title='bbox 709 1883 804 1928; x_wconf 84' lang='lat' dir='ltr'><em>nemo</em></span> <span class='ocrx_word' id='word_1_137' title='bbox 819 1861 970 1948; x_wconf 87' lang='lat' dir='ltr'><strong>prodidit.</strong></span> 
     </span>
    </p>

    <p class='ocr_par' dir='ltr' id='par_1_9' title="bbox 152 1960 1295 3977">
     <span class='ocr_line' id='line_1_17' title="bbox 202 1960 1183 2049; baseline 0.005 -25"><span class='ocrx_word' id='word_1_138' title='bbox 202 1977 275 2046; x_wconf 92' lang='lat'><strong>179.</strong></span> <span class='ocrx_word' id='word_1_139' title='bbox 290 1961 324 2024; x_wconf 88' lang='lat' dir='ltr'><strong>F.</strong></span> <span class='ocrx_word' id='word_1_140' title='bbox 349 1961 387 2035; x_wconf 84' lang='lat'><em>5‘.</em></span> <span class='ocrx_word' id='word_1_141' title='bbox 413 1962 598 2049; x_wconf 75' lang='grc' dir='ltr'><strong><em>Περιλλο-]</em></strong></span> <span class='ocrx_word' id='word_1_142' title='bbox 629 1962 704 2027; x_wconf 88' lang='lat' dir='ltr'><em>Sine</em></span> <span class='ocrx_word' id='word_1_143' title='bbox 728 1964 858 2028; x_wconf 88' lang='lat' dir='ltr'><em>nomine</em></span> <span class='ocrx_word' id='word_1_144' title='bbox 878 1962 1017 2028; x_wconf 84' lang='lat' dir='ltr'><em>hominia</em></span> <span class='ocrx_word' id='word_1_145' title='bbox 1041 1960 1183 2029; x_wconf 87' lang='lat' dir='ltr'><em>referunt</em></span> 
     </span>
     <span class='ocr_line' id='line_1_18' title="bbox 158 2061 1182 2150; baseline 0.006 -26"><span class='ocrx_word' id='word_1_146' title='bbox 158 2061 333 2126; x_wconf 79' lang='lat' dir='ltr'><em>Sententia</em></span> <span class='ocrx_word' id='word_1_147' title='bbox 357 2063 391 2128; x_wconf 93' lang='lat' dir='ltr'><strong>S.</strong></span> <span class='ocrx_word' id='word_1_148' title='bbox 407 2063 541 2127; x_wconf 83' lang='lat' dir='ltr'><em>Maximi</em></span> <span class='ocrx_word' id='word_1_149' title='bbox 554 2076 588 2127; x_wconf 86' lang='lat' dir='ltr'><em>et</em></span> <span class='ocrx_word' id='word_1_150' title='bbox 602 2062 737 2128; x_wconf 88' lang='lat' dir='ltr'><em>Antonii</em></span> <span class='ocrx_word' id='word_1_151' title='bbox 758 2084 791 2150; x_wconf 90' lang='lat' dir='ltr'><strong>p.</strong></span> <span class='ocrx_word' id='word_1_152' title='bbox 808 2079 883 2148; x_wconf 83' lang='lat'><strong>277.</strong></span> <span class='ocrx_word' id='word_1_153' title='bbox 897 2062 975 2129; x_wconf 87' lang='lat' dir='ltr'><em>edit.</em></span> <span class='ocrx_word' id='word_1_154' title='bbox 992 2064 1082 2129; x_wconf 90' lang='lat' dir='ltr'><em>Stob.</em></span> <span class='ocrx_word' id='word_1_155' title='bbox 1098 2065 1182 2130; x_wconf 86' lang='lat' dir='ltr'><em>We·</em></span> 
     </span>
     <span class='ocr_line' id='line_1_19' title="bbox 158 2162 1185 2252; baseline 0.002 -25"><span class='ocrx_word' id='word_1_156' title='bbox 158 2162 243 2227; x_wconf 91' lang='lat' dir='ltr'><em>chel.</em></span> <span class='ocrx_word' id='word_1_157' title='bbox 265 2165 342 2239; x_wconf 79' lang='grc' dir='ltr'><strong><em>Τινὸς</em></strong></span> <span class='ocrx_word' id='word_1_158' title='bbox 363 2165 390 2227; x_wconf 73' lang='grc' dir='ltr'><em>δὲ</em></span> <span class='ocrx_word' id='word_1_159' title='bbox 410 2172 463 2229; x_wconf 73' lang='grc' dir='ltr'><em>τῶν</em></span> <span class='ocrx_word' id='word_1_160' title='bbox 476 2167 560 2228; x_wconf 77' lang='grc' dir='ltr'><strong><em>αὐτοῦ</em></strong></span> <span class='ocrx_word' id='word_1_161' title='bbox 573 2164 657 2246; x_wconf 74' lang='grc' dir='ltr'><strong><em>φίλων</em></strong></span> <span class='ocrx_word' id='word_1_162' title='bbox 669 2165 830 2243; x_wconf 69' lang='grc' dir='ltr'><strong><em>αἰτήσαντος</em></strong></span> <span class='ocrx_word' id='word_1_163' title='bbox 851 2166 931 2229; x_wconf 69' lang='grc' dir='ltr'><strong><em>αὐτὸν</em></strong></span> <span class='ocrx_word' id='word_1_164' title='bbox 953 2169 990 2241; x_wconf 74' lang='grc' dir='ltr'><em>οἷς</em></span> <span class='ocrx_word' id='word_1_165' title='bbox 1009 2169 1118 2252; x_wconf 74' lang='grc' dir='ltr'><strong><em>προῖκα</em></strong></span> <span class='ocrx_word' id='word_1_166' title='bbox 1137 2171 1185 2243; x_wconf 81' lang='grc' dir='ltr'><em>τῆς</em></span> 
     </span>
     <span class='ocr_line' id='line_1_20' title="bbox 158 2263 1184 2353; baseline 0.004 -26"><span class='ocrx_word' id='word_1_167' title='bbox 158 2267 310 2353; x_wconf 65' lang='grc' dir='ltr'><strong><em>θυγατρὸς,</em></strong></span> <span class='ocrx_word' id='word_1_168' title='bbox 325 2263 451 2330; x_wconf 74' lang='grc' dir='ltr'><em>ἐκέλευον</em></span> <span class='ocrx_word' id='word_1_169' title='bbox 469 2266 643 2343; x_wconf 74' lang='grc' dir='ltr'><strong><em>πεντήκοντα</em></strong></span> <span class='ocrx_word' id='word_1_170' title='bbox 660 2265 790 2331; x_wconf 73' lang='grc' dir='ltr'><strong><em>τάλαντα</em></strong></span> <span class='ocrx_word' id='word_1_171' title='bbox 808 2264 914 2344; x_wconf 66' lang='grc' dir='ltr'><strong><em>λαθεῖν,</em></strong></span> <span class='ocrx_word' id='word_1_172' title='bbox 932 2270 1017 2331; x_wconf 72' lang='lat' dir='ltr'><em>edroi</em></span> <span class='ocrx_word' id='word_1_173' title='bbox 1035 2267 1062 2330; x_wconf 82' lang='lat' dir='ltr'><em>ii</em></span> <span class='ocrx_word' id='word_1_174' title='bbox 1078 2267 1184 2351; x_wconf 70' lang='grc' dir='ltr'><strong><em>φήσαν-</em></strong></span> 
     </span>
     <span class='ocr_line' id='line_1_21' title="bbox 157 2365 1185 2454; baseline 0.004 -26"><span class='ocrx_word' id='word_1_175' title='bbox 157 2389 203 2440; x_wconf 82' lang='grc' dir='ltr'><em>τος</em></span> <span class='ocrx_word' id='word_1_176' title='bbox 229 2370 308 2429; x_wconf 79' lang='grc' dir='ltr'><strong><em>ἶνανοὶ</em></strong></span> <span class='ocrx_word' id='word_1_177' title='bbox 333 2365 398 2443; x_wconf 66' lang='grc' dir='ltr'><strong><em>εἶναι</em></strong></span> <span class='ocrx_word' id='word_1_178' title='bbox 419 2366 498 2446; x_wconf 77' lang='grc' dir='ltr'><strong><em>δέκα,</em></strong></span> <span class='ocrx_word' id='word_1_179' title='bbox 520 2365 572 2432; x_wconf 74' lang='grc' dir='ltr'><em>Σοὶ</em></span> <span class='ocrx_word' id='word_1_180' title='bbox 596 2367 659 2450; x_wconf 72' lang='grc' dir='ltr'><em>μὶν,</em></span> <span class='ocrx_word' id='word_1_181' title='bbox 682 2366 741 2448; x_wconf 76' lang='grc' dir='ltr'><em>ἔφη,</em></span> <span class='ocrx_word' id='word_1_182' title='bbox 763 2365 869 2446; x_wconf 70' lang='grc' dir='ltr'><strong><em>λαέιῖν,</em></strong></span> <span class='ocrx_word' id='word_1_183' title='bbox 891 2368 949 2449; x_wconf 74' lang='lat' dir='ltr'><em>lpol</em></span> <span class='ocrx_word' id='word_1_184' title='bbox 975 2368 1002 2430; x_wconf 74' lang='lat' dir='ltr'><em>ii</em></span> <span class='ocrx_word' id='word_1_185' title='bbox 1027 2371 1082 2454; x_wconf 79' lang='grc' dir='ltr'><em>οὐχ</em></span> <span class='ocrx_word' id='word_1_186' title='bbox 1104 2370 1185 2432; x_wconf 63' lang='lat' dir='ltr'><em>tuave</em></span> 
     </span>
     <span class='ocr_line' id='line_1_22' title="bbox 162 2467 1183 2551; baseline 0.005 -21"><span class='ocrx_word' id='word_1_187' title='bbox 162 2467 240 2551; x_wconf 70' lang='grc' dir='ltr'><strong><em>(εἶναι</em></strong></span> <span class='ocrx_word' id='word_1_188' title='bbox 254 2467 321 2531; x_wconf 78' lang='grc' dir='ltr'><strong><em>δέκα</em></strong></span> <span class='ocrx_word' id='word_1_189' title='bbox 335 2467 519 2551; x_wconf 85' lang='lat' dir='ltr'><em>delendum)</em></span> <span class='ocrx_word' id='word_1_190' title='bbox 543 2471 641 2548; x_wconf 71' lang='grc' dir='ltr'><strong><em>δοῦναι.</em></strong></span> <span class='ocrx_word' id='word_1_191' title='bbox 679 2468 817 2533; x_wconf 84' lang='lat' dir='ltr'><em>Pertinet</em></span> <span class='ocrx_word' id='word_1_192' title='bbox 831 2467 896 2532; x_wconf 90' lang='lat' dir='ltr'><em>huc</em></span> <span class='ocrx_word' id='word_1_193' title='bbox 915 2468 1054 2534; x_wconf 88' lang='lat' dir='ltr'><em>narratio</em></span> <span class='ocrx_word' id='word_1_194' title='bbox 1073 2470 1183 2535; x_wconf 84' lang='lat' dir='ltr'><em>Eusta-</em></span> 
     </span>
     <span class='ocr_line' id='line_1_23' title="bbox 159 2568 1186 2658; baseline 0.003 -26"><span class='ocrx_word' id='word_1_195' title='bbox 159 2569 220 2633; x_wconf 87' lang='lat' dir='ltr'><em>thii</em></span> <span class='ocrx_word' id='word_1_196' title='bbox 235 2569 276 2634; x_wconf 85' lang='lat' dir='ltr'><em>ad</em></span> <span class='ocrx_word' id='word_1_197' title='bbox 296 2569 403 2658; x_wconf 80' lang='lat' dir='ltr'><strong>Odyff.</strong></span> <span class='ocrx_word' id='word_1_198' title='bbox 419 2573 458 2634; x_wconf 92' lang='lat' dir='ltr'><strong>Z.</strong></span> <span class='ocrx_word' id='word_1_199' title='bbox 482 2592 515 2655; x_wconf 96' lang='lat' dir='ltr'><strong>p.</strong></span> <span class='ocrx_word' id='word_1_200' title='bbox 533 2585 626 2655; x_wconf 81' lang='lat'><strong>1557.</strong></span> <span class='ocrx_word' id='word_1_201' title='bbox 640 2589 660 2655; x_wconf 86' lang='lat'>3</span> <span class='ocrx_word' id='word_1_202' title='bbox 674 2593 682 2632; x_wconf 79' lang='lat' dir='ltr'><em>t</em></span> <span class='ocrx_word' id='word_1_203' title='bbox 706 2573 825 2632; x_wconf 69' lang='grc' dir='ltr'><strong><em>ὶντεῦθιν</em></strong></span> <span class='ocrx_word' id='word_1_204' title='bbox 838 2568 999 2657; x_wconf 57' lang='lat' dir='ltr'><em>aegidiani</em></span> <span class='ocrx_word' id='word_1_205' title='bbox 1011 2573 1145 2650; x_wconf 77' lang='grc' dir='ltr'><strong><em>βασιλεὺς</em></strong></span> <span class='ocrx_word' id='word_1_206' title='bbox 1157 2569 1186 2647; x_wconf 68' lang='grc' dir='ltr'><em>ὃς</em></span> 
     </span>
     <span class='ocr_line' id='line_1_24' title="bbox 159 2669 1184 2759; baseline 0.001 -24"><span class='ocrx_word' id='word_1_207' title='bbox 159 2672 232 2759; x_wconf 67' lang='grc' dir='ltr'><strong><em>ἀνδρὶ</em></strong></span> <span class='ocrx_word' id='word_1_208' title='bbox 255 2678 370 2757; x_wconf 76' lang='grc' dir='ltr'><strong><em>ταπεινῷ</em></strong></span> <span class='ocrx_word' id='word_1_209' title='bbox 391 2671 448 2746; x_wconf 77' lang='grc' dir='ltr'><strong><em>δούς</em></strong></span> <span class='ocrx_word' id='word_1_210' title='bbox 468 2698 531 2735; x_wconf 88' lang='grc' dir='ltr'><strong><em>τινα</em></strong></span> <span class='ocrx_word' id='word_1_211' title='bbox 551 2675 649 2759; x_wconf 71' lang='lat' dir='ltr'><em>laptula</em></span> <span class='ocrx_word' id='word_1_212' title='bbox 670 2669 716 2751; x_wconf 73' lang='lat' dir='ltr'><em>nal</em></span> <span class='ocrx_word' id='word_1_213' title='bbox 735 2670 858 2745; x_wconf 73' lang='grc' dir='ltr'><strong><em>ἀνιούσας</em></strong></span> <span class='ocrx_word' id='word_1_214' title='bbox 875 2677 988 2748; x_wconf 69' lang='grc' dir='ltr'><strong><em>πολλὴν</em></strong></span> <span class='ocrx_word' id='word_1_215' title='bbox 1007 2675 1090 2749; x_wconf 68' lang='grc' dir='ltr'><strong><em>αὐτὴν</em></strong></span> <span class='ocrx_word' id='word_1_216' title='bbox 1108 2671 1184 2753; x_wconf 72' lang='lat' dir='ltr'><em>clear,</em></span> 
     </span>
     <span class='ocr_line' id='line_1_25' title="bbox 159 2772 1185 2860; baseline 0 -24"><span class='ocrx_word' id='word_1_217' title='bbox 159 2774 227 2853; x_wconf 69' lang='lat' dir='ltr'><em>elne,</em></span> <span class='ocrx_word' id='word_1_218' title='bbox 247 2781 287 2860; x_wconf 75' lang='grc' dir='ltr'><em>τῷ</em></span> <span class='ocrx_word' id='word_1_219' title='bbox 309 2772 421 2838; x_wconf 63' lang='grc' dir='ltr'><strong><em>λαθόντι</em></strong></span> <span class='ocrx_word' id='word_1_220' title='bbox 438 2773 563 2852; x_wconf 70' lang='grc' dir='ltr'><strong><em>τοιαύτην</em></strong></span> <span class='ocrx_word' id='word_1_221' title='bbox 582 2779 703 2854; x_wconf 72' lang='grc' dir='ltr'><strong><em>φανῆναι,</em></strong></span> <span class='ocrx_word' id='word_1_222' title='bbox 724 2777 799 2858; x_wconf 71' lang='grc' dir='ltr'><strong><em>αὐτῷ</em></strong></span> <span class='ocrx_word' id='word_1_223' title='bbox 818 2773 845 2836; x_wconf 73' lang='lat' dir='ltr'><em>ii</em></span> <span class='ocrx_word' id='word_1_224' title='bbox 858 2774 893 2847; x_wconf 74' lang='grc' dir='ltr'><em>ὥς</em></span> <span class='ocrx_word' id='word_1_225' title='bbox 906 2774 1018 2851; x_wconf 80' lang='grc' dir='ltr'><strong><em>βασιλεῖ</em></strong></span> <span class='ocrx_word' id='word_1_226' title='bbox 1030 2777 1132 2858; x_wconf 66' lang='grc' dir='ltr'><strong><em>μικρὰν</em></strong></span> <span class='ocrx_word' id='word_1_227' title='bbox 1144 2772 1185 2836; x_wconf 80' lang='lat' dir='ltr'><em>tl·</em></span> 
     </span>
     <span class='ocr_line' id='line_1_26' title="bbox 159 2873 1187 2962; baseline 0 -22"><span class='ocrx_word' id='word_1_228' title='bbox 159 2898 211 2956; x_wconf 74' lang='lat' dir='ltr'><em>rou·</em></span> <span class='ocrx_word' id='word_1_229' title='bbox 236 2883 314 2962; x_wconf 75' lang='grc' dir='ltr'><em>ἶςορεῖ</em></span> <span class='ocrx_word' id='word_1_230' title='bbox 332 2875 360 2939; x_wconf 81' lang='grc' dir='ltr'><em>δι’</em></span> <span class='ocrx_word' id='word_1_231' title='bbox 379 2902 419 2939; x_wconf 81' lang='grc' dir='ltr'><em>τοι</em></span> <span class='ocrx_word' id='word_1_232' title='bbox 438 2875 484 2956; x_wconf 69' lang='grc' dir='ltr'><em>κα)</em></span> <span class='ocrx_word' id='word_1_233' title='bbox 505 2876 693 2961; x_wconf 74' lang='grc' dir='ltr'><strong><em>Πλούταρχος</em></strong></span> <span class='ocrx_word' id='word_1_234' title='bbox 713 2875 842 2960; x_wconf 74' lang='grc' dir='ltr'><strong><em>μεγάλην</em></strong></span> <span class='ocrx_word' id='word_1_235' title='bbox 863 2878 1013 2956; x_wconf 73' lang='grc' dir='ltr'><strong><em>βασιλικὴν</em></strong></span> <span class='ocrx_word' id='word_1_236' title='bbox 1025 2874 1134 2962; x_wconf 70' lang='lat' dir='ltr'><em>imperit·</em></span> <span class='ocrx_word' id='word_1_237' title='bbox 1156 2873 1187 2952; x_wconf 70' lang='lat' dir='ltr'><em>ie</em></span> 
     </span>
     <span class='ocr_line' id='line_1_27' title="bbox 160 2974 1187 3063; baseline -0.004 -21"><span class='ocrx_word' id='word_1_238' title='bbox 160 2978 308 3053; x_wconf 78' lang='grc' dir='ltr'><strong><em>κωλύοντος</em></strong></span> <span class='ocrx_word' id='word_1_239' title='bbox 331 2985 380 3042; x_wconf 80' lang='grc' dir='ltr'><em>τοῦ</em></span> <span class='ocrx_word' id='word_1_240' title='bbox 404 2981 554 3055; x_wconf 80' lang='grc' dir='ltr'><strong><em>βασιλικοῦ</em></strong></span> <span class='ocrx_word' id='word_1_241' title='bbox 573 2977 742 3063; x_wconf 75' lang='grc' dir='ltr'><strong><em>ταμιοῦχοο,</em></strong></span> <span class='ocrx_word' id='word_1_242' title='bbox 766 2982 780 3040; x_wconf 79' lang='grc' dir='ltr'>ὁ</span> <span class='ocrx_word' id='word_1_243' title='bbox 803 2977 937 3056; x_wconf 76' lang='grc' dir='ltr'><strong><em>βασιλεὺς</em></strong></span> <span class='ocrx_word' id='word_1_244' title='bbox 959 2974 1187 3062; x_wconf 75' lang='grc' dir='ltr'><strong><em>δοσαναχιτῆσας</em></strong></span> 
     </span>
     <span class='ocr_line' id='line_1_28' title="bbox 161 3077 1188 3166; baseline 0.001 -24"><span class='ocrx_word' id='word_1_245' title='bbox 161 3081 306 3156; x_wconf 56' lang='lat' dir='ltr'><em>hairtam</em></span> <span class='ocrx_word' id='word_1_246' title='bbox 325 3078 461 3144; x_wconf 67' lang='grc' dir='ltr'><strong><em>ἂσιὸαλοῗνι</em></strong></span> <span class='ocrx_word' id='word_1_247' title='bbox 481 3078 571 3143; x_wconf 61' lang='lat' dir='ltr'><em>artior</em></span> <span class='ocrx_word' id='word_1_248' title='bbox 589 3079 728 3166; x_wconf 52' lang='grc' dir='ltr'><strong><em>ἀργύριον.</em></strong></span> <span class='ocrx_word' id='word_1_249' title='bbox 765 3079 914 3144; x_wconf 78' lang='lat' dir='ltr'><em>Quorum</em></span> <span class='ocrx_word' id='word_1_250' title='bbox 935 3078 1126 3164; x_wconf 83' lang='lat' dir='ltr'><em>postremum</em></span> <span class='ocrx_word' id='word_1_251' title='bbox 1147 3077 1188 3143; x_wconf 80' lang='lat' dir='ltr'><em>ad</em></span> 
     </span>
     <span class='ocr_line' id='line_1_29' title="bbox 162 3177 1187 3258; baseline 0.001 -16"><span class='ocrx_word' id='word_1_252' title='bbox 162 3179 255 3243; x_wconf 85' lang='lat' dir='ltr'><em>aliam</em></span> <span class='ocrx_word' id='word_1_253' title='bbox 278 3179 452 3245; x_wconf 84' lang='lat' dir='ltr'><em>Alexandri</em></span> <span class='ocrx_word' id='word_1_254' title='bbox 474 3178 694 3245; x_wconf 86' lang='lat' dir='ltr'><em>liberalitatem</em></span> <span class='ocrx_word' id='word_1_255' title='bbox 714 3179 859 3244; x_wconf 85' lang='lat' dir='ltr'><em>refertur.</em></span> <span class='ocrx_word' id='word_1_256' title='bbox 882 3177 973 3258; x_wconf 74' lang='lat' dir='ltr'><em>sed,</em></span> <span class='ocrx_word' id='word_1_257' title='bbox 992 3191 1031 3243; x_wconf 91' lang='lat' dir='ltr'><em>ut</em></span> <span class='ocrx_word' id='word_1_258' title='bbox 1048 3178 1187 3243; x_wconf 85' lang='lat' dir='ltr'><em>confun-</em></span> 
     </span>
     <span class='ocr_line' id='line_1_30' title="bbox 162 3278 1189 3368; baseline 0.001 -24"><span class='ocrx_word' id='word_1_259' title='bbox 162 3280 283 3345; x_wconf 89' lang='lat' dir='ltr'><em>duntur</em></span> <span class='ocrx_word' id='word_1_260' title='bbox 297 3281 373 3346; x_wconf 87' lang='lat' dir='ltr'><em>talia</em></span> <span class='ocrx_word' id='word_1_261' title='bbox 386 3280 470 3346; x_wconf 72' lang='lat' dir='ltr'><em>dina</em></span> <span class='ocrx_word' id='word_1_262' title='bbox 483 3280 653 3367; x_wconf 83' lang='lat' dir='ltr'><em>apolieria,</em></span> <span class='ocrx_word' id='word_1_263' title='bbox 666 3279 826 3367; x_wconf 80' lang='lat' dir='ltr'><em>argutiam</em></span> <span class='ocrx_word' id='word_1_264' title='bbox 839 3278 909 3368; x_wconf 82' lang='lat' dir='ltr'><em>ejua</em></span> <span class='ocrx_word' id='word_1_265' title='bbox 923 3279 956 3343; x_wconf 91' lang='lat' dir='ltr'><em>in</em></span> <span class='ocrx_word' id='word_1_266' title='bbox 970 3279 1058 3344; x_wconf 89' lang='lat' dir='ltr'><em>aliud</em></span> <span class='ocrx_word' id='word_1_267' title='bbox 1070 3279 1189 3345; x_wconf 68' lang='lat' dir='ltr'><em>tanum</em></span> 
     </span>
     <span class='ocr_line' id='line_1_31' title="bbox 161 3380 1188 3471; baseline -0.002 -23"><span class='ocrx_word' id='word_1_268' title='bbox 161 3382 312 3448; x_wconf 88' lang='lat' dir='ltr'><em>collatam</em></span> <span class='ocrx_word' id='word_1_269' title='bbox 334 3382 508 3469; x_wconf 79' lang='lat' dir='ltr'><em>reperimur</em></span> <span class='ocrx_word' id='word_1_270' title='bbox 530 3382 616 3471; x_wconf 89' lang='lat' dir='ltr'><em>apud</em></span> <span class='ocrx_word' id='word_1_271' title='bbox 638 3384 792 3447; x_wconf 85' lang='lat' dir='ltr'><em>Senecam</em></span> <span class='ocrx_word' id='word_1_272' title='bbox 814 3383 866 3447; x_wconf 88' lang='lat' dir='ltr'><em>De</em></span> <span class='ocrx_word' id='word_1_273' title='bbox 884 3380 1050 3446; x_wconf 74' lang='lat' dir='ltr'><em>Beneficiis</em></span> <span class='ocrx_word' id='word_1_274' title='bbox 1066 3382 1111 3446; x_wconf 94' lang='lat' dir='ltr'><em>ll.</em></span> <span class='ocrx_word' id='word_1_275' title='bbox 1130 3381 1188 3446; x_wconf 85' lang='lat'><em>16:</em></span> 
     </span>
     <span class='ocr_line' id='line_1_32' title="bbox 165 3481 1195 3572; baseline -0.002 -22"><span class='ocrx_word' id='word_1_276' title='bbox 165 3486 271 3550; x_wconf 86' lang='lat' dir='ltr'><em>Urbem</em></span> <span class='ocrx_word' id='word_1_277' title='bbox 285 3485 402 3549; x_wconf 85' lang='lat' dir='ltr'><em>cuidam</em></span> <span class='ocrx_word' id='word_1_278' title='bbox 414 3483 587 3548; x_wconf 77' lang='lat' dir='ltr'><em>Alexander</em></span> <span class='ocrx_word' id='word_1_279' title='bbox 600 3484 730 3548; x_wconf 85' lang='lat' dir='ltr'><em>donabat</em></span> <span class='ocrx_word' id='word_1_280' title='bbox 743 3486 880 3572; x_wconf 82' lang='lat' dir='ltr'><em>vesanus,</em></span> <span class='ocrx_word' id='word_1_281' title='bbox 895 3494 924 3546; x_wconf 84' lang='lat' dir='ltr'><em>ct</em></span> <span class='ocrx_word' id='word_1_282' title='bbox 938 3483 990 3570; x_wconf 81' lang='lat' dir='ltr'><em>qui</em></span> <span class='ocrx_word' id='word_1_283' title='bbox 1003 3481 1081 3547; x_wconf 84' lang='lat' dir='ltr'><em>nibil</em></span> <span class='ocrx_word' id='word_1_284' title='bbox 1094 3482 1195 3548; x_wconf 85' lang='lat' dir='ltr'><em>animo</em></span> 
     </span>
     <span class='ocr_line' id='line_1_33' title="bbox 162 3584 1191 3674; baseline 0 -25"><span class='ocrx_word' id='word_1_285' title='bbox 162 3610 221 3649; x_wconf 88' lang='lat' dir='ltr'><em>non</em></span> <span class='ocrx_word' id='word_1_286' title='bbox 235 3588 354 3674; x_wconf 82' lang='lat' dir='ltr'><em>grande</em></span> <span class='ocrx_word' id='word_1_287' title='bbox 367 3587 535 3673; x_wconf 81' lang='lat' dir='ltr'><em>conciperet.</em></span> <span class='ocrx_word' id='word_1_288' title='bbox 573 3584 647 3649; x_wconf 84' lang='lat' dir='ltr'><em>Cam</em></span> <span class='ocrx_word' id='word_1_289' title='bbox 662 3584 713 3648; x_wconf 87' lang='lat' dir='ltr'><em>ille</em></span> <span class='ocrx_word' id='word_1_290' title='bbox 732 3586 780 3650; x_wconf 88' lang='lat' dir='ltr'><em>cui</em></span> <span class='ocrx_word' id='word_1_291' title='bbox 798 3585 980 3664; x_wconf 78' lang='lat' dir='ltr'><em>donabatur,</em></span> <span class='ocrx_word' id='word_1_292' title='bbox 991 3585 1097 3674; x_wconf 76' lang='lat' dir='ltr'><em>seipse</em></span> <span class='ocrx_word' id='word_1_293' title='bbox 1108 3608 1191 3649; x_wconf 82' lang='lat' dir='ltr'><em>men-</em></span> 
     </span>
     <span class='ocr_line' id='line_1_34' title="bbox 152 3686 1194 3774; baseline 0.001 -24"><span class='ocrx_word' id='word_1_294' title='bbox 152 3689 222 3773; x_wconf 82' lang='lat' dir='ltr'><em>sas,</em></span> <span class='ocrx_word' id='word_1_295' title='bbox 243 3689 320 3753; x_wconf 84' lang='lat' dir='ltr'><em>tanti</em></span> <span class='ocrx_word' id='word_1_296' title='bbox 342 3689 468 3753; x_wconf 70' lang='grc' dir='ltr'><strong><em>ααινιοτὶο</em></strong></span> <span class='ocrx_word' id='word_1_297' title='bbox 488 3687 637 3752; x_wconf 78' lang='lat' dir='ltr'><em>invidiam</em></span> <span class='ocrx_word' id='word_1_298' title='bbox 658 3686 819 3774; x_wconf 72' lang='lat' dir='ltr'><em>refiegrfflt,</em></span> <span class='ocrx_word' id='word_1_299' title='bbox 841 3688 938 3752; x_wconf 81' lang='lat' dir='ltr'><em>dicens</em></span> <span class='ocrx_word' id='word_1_300' title='bbox 960 3710 1018 3752; x_wconf 88' lang='lat' dir='ltr'><em>nan</em></span> <span class='ocrx_word' id='word_1_301' title='bbox 1039 3686 1194 3752; x_wconf 80' lang='lat' dir='ltr'><em>convenire</em></span> 
     </span>
     <span class='ocr_line' id='line_1_35' title="bbox 153 3786 1295 3878; baseline 0 -26"><span class='ocrx_word' id='word_1_302' title='bbox 153 3787 293 3873; x_wconf 85' lang='lat' dir='ltr'><em>sortanae</em></span> <span class='ocrx_word' id='word_1_303' title='bbox 299 3791 386 3877; x_wconf 80' lang='lat' dir='ltr'><em>suaer</em></span> <span class='ocrx_word' id='word_1_304' title='bbox 409 3790 479 3855; x_wconf 89' lang='lat' dir='ltr'><em>Non</em></span> <span class='ocrx_word' id='word_1_305' title='bbox 494 3812 606 3876; x_wconf 79' lang='lat' dir='ltr'><em>quara,</em></span> <span class='ocrx_word' id='word_1_306' title='bbox 619 3786 729 3876; x_wconf 81' lang='lat' dir='ltr'><em>inquit,</em></span> <span class='ocrx_word' id='word_1_307' title='bbox 743 3787 818 3876; x_wconf 86' lang='lat' dir='ltr'><em>quid</em></span> <span class='ocrx_word' id='word_1_308' title='bbox 830 3799 858 3851; x_wconf 89' lang='lat' dir='ltr'><em>tc</em></span> <span class='ocrx_word' id='word_1_309' title='bbox 870 3788 998 3878; x_wconf 76' lang='lat' dir='ltr'><em>arripere</em></span> <span class='ocrx_word' id='word_1_310' title='bbox 1011 3789 1122 3868; x_wconf 86' lang='lat' dir='ltr'><em>deccat,</em></span> <span class='ocrx_word' id='word_1_311' title='bbox 1133 3788 1195 3874; x_wconf 85' lang='lat' dir='ltr'><em>sed</em></span> <span class='ocrx_word' id='word_1_312' title='bbox 1291 3820 1295 3829; x_wconf 90' lang='lat'><strong>·</strong></span> 
     </span>
     <span class='ocr_line' id='line_1_36' title="bbox 165 3891 1199 3977; baseline 0.002 -23"><span class='ocrx_word' id='word_1_313' title='bbox 165 3891 240 3977; x_wconf 85' lang='lat' dir='ltr'><em>qaid</em></span> <span class='ocrx_word' id='word_1_314' title='bbox 253 3916 296 3954; x_wconf 85' lang='lat' dir='ltr'><em>me</em></span> <span class='ocrx_word' id='word_1_315' title='bbox 310 3893 394 3956; x_wconf 84' lang='lat' dir='ltr'><em>dore.</em></span> <span class='ocrx_word' id='word_1_316' title='bbox 1196 3926 1199 3933; x_wconf 93' lang='lat'>·</span> 
     </span>
    </p>

    <p class='ocr_par' dir='ltr' id='par_1_10' title="bbox 166 3986 1193 4283">
     <span class='ocr_line' id='line_1_37' title="bbox 211 3986 1191 4081; baseline -0.002 -26"><span class='ocrx_word' id='word_1_317' title='bbox 211 4011 281 4077; x_wconf 85' lang='lat'><strong>179.</strong></span> <span class='ocrx_word' id='word_1_318' title='bbox 298 3996 332 4059; x_wconf 87' lang='lat' dir='ltr'><strong>F.</strong></span> <span class='ocrx_word' id='word_1_319' title='bbox 357 3992 395 4076; x_wconf 78' lang='grc' dir='ltr'><em>ζ’.</em></span> <span class='ocrx_word' id='word_1_320' title='bbox 412 3986 604 4081; x_wconf 70' lang='grc' dir='ltr'><strong><em>ἈναξᾶςχφῘ</em></strong></span> <span class='ocrx_word' id='word_1_321' title='bbox 624 3992 723 4057; x_wconf 89' lang='lat' dir='ltr'><em>Hunc</em></span> <span class='ocrx_word' id='word_1_322' title='bbox 738 3991 825 4078; x_wconf 88' lang='lat' dir='ltr'><em>apud</em></span> <span class='ocrx_word' id='word_1_323' title='bbox 839 3989 1057 4057; x_wconf 84' lang='lat' dir='ltr'><em>Alexandrum</em></span> <span class='ocrx_word' id='word_1_324' title='bbox 1071 3989 1103 4054; x_wconf 89' lang='lat' dir='ltr'><em>in</em></span> <span class='ocrx_word' id='word_1_325' title='bbox 1116 4012 1191 4078; x_wconf 80' lang='lat' dir='ltr'><em>gra-</em></span> 
     </span>
     <span class='ocr_line' id='line_1_38' title="bbox 166 4089 1193 4179; baseline 0.001 -23"><span class='ocrx_word' id='word_1_326' title='bbox 166 4093 212 4157; x_wconf 87' lang='lat' dir='ltr'><em>tia</em></span> <span class='ocrx_word' id='word_1_327' title='bbox 231 4091 320 4157; x_wconf 75' lang='lat' dir='ltr'><em>tuisse</em></span> <span class='ocrx_word' id='word_1_328' title='bbox 342 4092 482 4178; x_wconf 90' lang='lat' dir='ltr'><em>produnt</em></span> <span class='ocrx_word' id='word_1_329' title='bbox 502 4107 536 4158; x_wconf 91' lang='lat' dir='ltr'><em>et</em></span> <span class='ocrx_word' id='word_1_330' title='bbox 559 4093 726 4178; x_wconf 87' lang='lat' dir='ltr'><em>scriptores</em></span> <span class='ocrx_word' id='word_1_331' title='bbox 750 4114 854 4157; x_wconf 87' lang='lat' dir='ltr'><em>rerum</em></span> <span class='ocrx_word' id='word_1_332' title='bbox 878 4089 949 4179; x_wconf 81' lang='lat' dir='ltr'><em>ejus</em></span> <span class='ocrx_word' id='word_1_333' title='bbox 972 4104 1006 4156; x_wconf 89' lang='lat' dir='ltr'><em>et</em></span> <span class='ocrx_word' id='word_1_334' title='bbox 1028 4090 1193 4178; x_wconf 75' lang='lat' dir='ltr'><em>Diogenes</em></span> 
     </span>
     <span class='ocr_line' id='line_1_39' title="bbox 167 4192 1192 4283; baseline -0.003 -22"><span class='ocrx_word' id='word_1_335' title='bbox 167 4196 311 4261; x_wconf 77' lang='lat' dir='ltr'><em>laertius</em></span> <span class='ocrx_word' id='word_1_336' title='bbox 339 4198 399 4265; x_wconf 87' lang='lat' dir='ltr'><strong>IX.</strong></span> <span class='ocrx_word' id='word_1_337' title='bbox 419 4196 475 4280; x_wconf 83' lang='lat'><strong>58.</strong></span> <span class='ocrx_word' id='word_1_338' title='bbox 490 4197 543 4263; x_wconf 88' lang='lat'><strong>60.</strong></span> <span class='ocrx_word' id='word_1_339' title='bbox 582 4193 771 4261; x_wconf 74' lang='lat' dir='ltr'><em>Plutarchus</em></span> <span class='ocrx_word' id='word_1_340' title='bbox 788 4192 883 4260; x_wconf 85' lang='lat' dir='ltr'><em>Alex.</em></span> <span class='ocrx_word' id='word_1_341' title='bbox 904 4214 939 4283; x_wconf 91' lang='lat' dir='ltr'><strong>p.</strong></span> <span class='ocrx_word' id='word_1_342' title='bbox 954 4192 1030 4261; x_wconf 89' lang='lat'><strong>668.</strong></span> <span class='ocrx_word' id='word_1_343' title='bbox 1047 4194 1086 4262; x_wconf 87' lang='lat' dir='ltr'><strong>E.</strong></span> <span class='ocrx_word' id='word_1_344' title='bbox 1115 4196 1192 4261; x_wconf 86' lang='lat' dir='ltr'><em>For·</em></span> 
     </span>
    </p>
   </div>
   <div class='ocr_carea' id='block_1_5' title="bbox 0 0 1368 4770">
    <p class='ocr_par' dir='ltr' id='par_1_11' title="bbox 0 0 1368 4770">
     <span class='ocr_line' id='line_1_40' title="bbox 0 0 1368 4770; baseline 0 0"><span class='ocrx_word' id='word_1_345' title='bbox 0 0 1368 4770; x_wconf 95' lang='lat' dir='ltr'><em> </em></span> 
     </span>
    </p>
   </div>
  </div>
 </body>
</html>
