2692 4770
328 301 545 362 PRAECEPTA
558 303 831 365 CONJUGALIA.
847 304 1038 381 p.l⁴5.D,E.
1135 311 1194 376 9⁰¹

166 463 335 549 ἇςρολογίας
359 461 406 547 αα)
430 469 514 531 εἰδυῖα
533 470 584 542 τὰς
605 466 739 546 ἐκλείψεις
758 475 804 546 τῆς
823 468 947 546 σελήνης,
971 465 1049 530 ὁπότε
1069 462 1197 548 pinnato

164 564 331 646 γενήσεῶαα,
347 566 451 648 ἔφασκε
462 572 509 646 τὴν
521 571 582 632 θεὸν
598 572 749 654 καῖαααᾴν.
787 569 945 655 Hegetor,
964 565 1102 654 quisquis
1122 563 1195 644 fuit,

166 679 253 732 certe
276 691 341 733 non
364 669 450 734 idem
472 671 637 737 habendus
655 686 751 758 atque
767 673 882 758 Agetor
901 662 1063 734 familiaris
1078 671 1195 733 Mene-

164 764 263 846 demi,
279 783 474 835 memoratus
492 771 635 857 Diogeni
649 771 777 836 Inertio
792 773 837 834 11.
855 772 927 856 138.
950 784 988 834 ut
1005 768 1105 834 voluit
1121 767 1195 833 Rei-

163 865 265 946 skius3
300 868 451 956 siquidem
476 871 684 956 antiquiffima
711 871 781 935 haec
809 872 871 935 fuit
895 885 929 935 et
952 873 993 934 ab
1017 867 1196 958 Aglaonica

162 968 255 1032 fluxit
274 969 396 1054 opinio.
434 972 523 1036 Nota
547 986 656 1035 autem
681 973 725 1036 est
747 972 817 1036 haec
840 971 880 1036 de
905 971 1056 1036 Thellalia
1077 970 1195 1035 mulie·

163 1067 252 1133 ribus
277 1070 386 1135 fabula
407 1072 578 1159 multisque
601 1085 799 1138 memorator
829 1097 858 1136 v.
881 1071 917 1136 c.
950 1072 1118 1157 Plutarcho
1142 1072 1195 1136 De

163 1169 259 1254 Pyth.
280 1171 375 1237 Orac.
399 1194 432 1257 p.
446 1193 522 1254 400.
542 1176 580 1238 B.
616 1173 820 1260 Aristophani
840 1174 928 1238 Nub.
952 1189 1025 1257 747.
1070 1171 1195 1239 Platoni

159 1269 285 1356 Gorgia
305 1292 338 1356 p.
353 1275 429 1356 308.
445 1276 490 1338 D.
527 1275 706 1338 Menander
727 1275 760 1338 in
783 1273 920 1359 Theffizln
935 1274 1009 1338 teste
1029 1272 1130 1337 Plinio
1146 1274 1192 1337 H.

160 1371 206 1434 N.
229 1373 338 1437 XXX.
356 1395 386 1440 2.
422 1376 509 1440 Dion
535 1376 649 1462 Chrys.
673 1377 731 1439 Or.
750 1376 888 1440 XLVII.
910 1389 985 1459 525.
1000 1376 1044 1439 A.
1081 1374 1193 1460 Eusta-

161 1471 249 1536 thius
265 1473 297 1538 in
312 1475 402 1539 Basrl.
418 1478 468 1540 M.
485 1478 707 1540 Hexaeimeron
722 1498 755 1561 p.
772 1493 822 1560 17.
852 1475 1044 1563 Meziriacus
1058 1474 1098 1539 ad
1114 1474 1192 1540 Ovi·

161 1572 208 1637 dii
223 1574 319 1662 Epist.
341 1579 379 1641 T.
395 1580 438 1641 ll.
459 1600 492 1663 p.
511 1580 563 1642 88.
602 1578 788 1664 Salvagnius
804 1578 844 1642 ad
861 1576 965 1642 Ovidii
982 1576 1051 1647 Ibin
1067 1578 1141 1661 287.

205 1695 278 1760 145.
293 1677 338 1740 D.
360 1680 453 1760 μύλας
469 1682 611 1764 καλοῦσα]
638 1680 853 1765 Hippocrates
869 1680 920 1744 De
937 1680 1045 1743 Morb.
1061 1675 1193 1742 Mulier.

160 1777 189 1839 I.
213 1780 335 1863 p.618.
374 1781 490 1844 Foesrus
514 1785 635 1846 OEcon.
657 1783 759 1867 Hipp.
781 1803 851 1844 voc.
869 1781 967 1858 Μόλη.
1009 1778 1194 1845 Aristoteles
1222 1785 1228 1797 ’

159 1880 212 1944 De
227 1882 379 1945 Generat.
393 1883 534 1946 Animal.
550 1885 608 1946 IV.
626 1899 662 1965 7:
686 1885 753 1968 oapi
768 1883 794 1944 δὲ
809 1888 856 1957 τῆς
877 1881 1032 1965 καλαμίνης
1050 1881 1193 1963 μύλης·-

159 1980 273 2045 riurein
295 1987 353 2068 γὰρ
373 1982 387 2046 ὃ
408 1992 526 2047 καλοῦσι
546 1984 751 2065 μύλην-’τότε
773 1983 909 2068 γίνεταᾼῆ
930 1983 1083 2065 καλουμένη
1106 1983 1191 2066 μόλῃ·

159 2081 206 2146 rei
220 2082 301 2147 ratio
316 2083 441 2170 legatur
456 2084 542 2169 apud
555 2085 614 2149 hos
630 2085 711 2171 ipsos
725 2086 889 2150 auclores:
914 2107 952 2148 ex
967 2084 1104 2150 diiiione
1118 2083 1191 2171 qui·

159 2182 234 2248 dem
255 2185 432 2249 Aristotelis
454 2201 598 2272 apparet,
621 2209 659 2250 ex
677 2186 773 2274 hujus
793 2188 881 2251 fonte
896 2187 980 2251 hanc
994 2186 1192 2252 mentionem

158 2285 278 2352 duxille
300 2288 528 2354 Plutarchum:
556 2289 649 2376 cujus
668 2289 739 2354 haec
761 2289 865 2368 verba,
887 2294 925 2352 ταὶ
947 2287 1107 2374 δὲαῖμαρφα
1125 2288 1191 2366 κυή-

156 2391 372 2472 ματα-μύλας
387 2398 505 2470 καλῦσι,
522 2392 641 2456 habent
656 2392 833 2479 enallagem
851 2390 1100 2470 constructionis,
1117 2413 1190 2477 quae

157 2490 338 2576 requirebat
360 2491 443 2555 hanc
469 2491 723 2572 collocationem,
748 2494 789 2565 ἔςι
811 2494 837 2556 δὲ
861 2491 975 2579 ἄμορφα
999 2488 1192 2579 κυήματα-αἳ

156 2590 249 2671 μύλας
264 2599 383 2671 uanior,
399 2592 492 2679 cujus
506 2608 538 2656 et
554 2594 626 2656 usus
641 2592 704 2657 late
720 2606 821 2678 patet,
835 2607 868 2656 et
886 2593 1058 2656 observatio
1081 2590 1191 2655 multis

157 2689 321 2776 impeditis
335 2695 489 2757 Veterum
513 2694 591 2757 locis
613 2694 718 2758 lucem
738 2693 853 2772 adfert,
868 2692 907 2757 de
923 2716 986 2778 qua
1000 2692 1075 2757 alibi
1089 2713 1189 2776 expo·

157 2814 283 2857 nemus.
317 2793 435 2858 Plinius
451 2797 497 2859 H.
513 2797 556 2858 N.
573 2797 650 2861 Vll.
670 2816 727 2880 13:
754 2793 853 2859 Solum
869 2807 965 2858 autem
980 2791 1095 2857 arrimal
1108 2816 1189 2854 mcu-

145 2892 265 2978 struale
282 2893 386 2957 mulier
406 2894 465 2980 cll:
488 2896 556 2959 inde
577 2896 666 2960 unius
683 2909 762 2960 utero
779 2919 854 2981 quas
873 2895 1063 2983 appellarunt
1084 2891 1187 2957 molas.

155 2995 210 3058 Ea
224 2993 262 3079 cst
274 3019 340 3058 caro
355 2995 489 3081 irfformis
504 2997 649 3076 inanima,
662 2996 746 3081 ferri
761 2996 850 3060 inum
865 3008 892 3058 ct
908 2996 997 3059 aciem
1011 2997 1157 3084 respuens.

203 3114 275 3180 145.
290 3098 334 3159 D.
356 3097 623 3184 παιδίον-αοιῆσαα]
657 3097 845 3162 Insolentius
868 3096 1002 3176 dicium,
1025 3097 1057 3161 in
1080 3095 1189 3183 primis

154 3196 196 3260 de
210 3196 364 3277 muliere;
388 3212 425 3263 ut
439 3199 520 3263 forte
535 3200 606 3284 quis
621 3198 661 3263 de
682 3198 801 3264 mendo
816 3197 974 3284 suspicans
987 3197 1078 3261 malit
1092 3203 1191 3276 κυῆσαα

154 3296 204 3362 vel
225 3299 401 3375 ποιήσαθα.
444 3299 496 3362 De
517 3299 582 3362 viro
605 3299 733 3385 quidem
755 3314 790 3365 et
812 3299 914 3386 ipsum
937 3298 1047 3377 rarius,
1070 3297 1189 3362 dicitur

153 3414 263 3464 tamen
278 3400 373 3464 semel
388 3422 407 3463 a
423 3399 592 3463 Plutarcho
623 3401 742 3487 Pyrrho
756 3424 789 3488 p.
801 3421 876 3483 402.
892 3401 920 3466 C
935 3427 943 3466 ι
965 3399 1187 3474 auhn-nolet.

155 3501 306 3588 Diogene
320 3502 446 3566 Laertio
463 3505 490 3565 I.
506 3523 558 3588 94.

199 3618 272 3687 145.
283 3605 328 3667 D.
352 3602 443 3668 ἄτοπα
455 3608 550 3666 πολλαὶ
563 3600 609 3684 καὶ
622 3590 732 3690 φαῦλα]
756 3604 795 3669 Β.
808 3603 930 3669 omittit
944 3601 1044 3667 ἄτοπα·
1068 3616 1102 3669 et
1116 3602 1188 3669 sano

154 3704 256 3787 perse
272 3705 348 3768 stare
363 3706 462 3790 potest
476 3705 602 3790 παλλὰαὲ
618 3693 723 3785 φαῦλα·
742 3727 805 3791 qua
819 3703 859 3768 de
872 3703 1098 3788 compositione
1114 3728 1187 3770 mo·

152 3803 281 3870 nuirnus
295 3804 335 3868 ad
351 3827 383 3890 p.
394 3824 448 3886 41.
466 3808 504 3869 E.

198 3923 269 3990 145.
283 3909 322 3970 Ε.
337 3905 619 3992 enovata-Elin]
647 3904 861 3992 Oppofitionis
877 3905 957 3970 ratio
971 3905 1114 3970 videatur
1128 3904 1185 3970 de·
1310 3940 1313 3945 ·

152 4002 295 4085 fidernre,
317 4009 452 4081 πολίτιδος
474 4029 533 4093 pro
553 4005 708 4084 πλουσίας,
733 4005 765 4068 in
784 4004 871 4092 quod
892 4005 969 4070 illud
987 4006 1078 4070 facile
1093 4027 1112 4069 a
1126 4005 1186 4070 de·
1305 4032 1307 4037 ¹

151 4107 303 4192 scriptore
320 4109 439 4173 mutari
453 4110 606 4195 potuerit.
643 4110 714 4175 Nec
731 4121 837 4173 tamen
853 4108 1045 4174 contendam
1057 4106 1145 4173 illud
1167 4130 1186 4172 a

150 4207 323 4274 Plutarcho
342 4210 496 4298 scriptum
513 4211 614 4276 fuiffe.

626 4331 719 4399 3²¹3
