<?xml version="1.0" encoding="UTF-8"?>
<!DOCTYPE html PUBLIC "-//W3C//DTD XHTML 1.0 Transitional//EN"
    "http://www.w3.org/TR/xhtml1/DTD/xhtml1-transitional.dtd">
<html xmlns="http://www.w3.org/1999/xhtml" xml:lang="en" lang="en">
 <head>
  <title>
</title>
<meta http-equiv="Content-Type" content="text/html;charset=utf-8" />
  <meta name='ocr-system' content='tesseract 3.04.00' />
  <meta name='ocr-capabilities' content='ocr_page ocr_carea ocr_par ocr_line ocrx_word'/>
</head>
<body>
  <div class='ocr_page' id='page_1' title='image "./plutarchichaero01plutgoog_0598.png"; bbox 0 0 2692 4770; ppageno 0'>
   <div class='ocr_carea' id='block_1_1' title="bbox 269 268 1115 354">
    <p class='ocr_par' dir='ltr' id='par_1_1' title="bbox 269 268 1115 354">
     <span class='ocr_line' id='line_1_1' title="bbox 269 268 1115 354; baseline 0.002 -21.024"><span class='ocrx_word' id='word_1_1' title='bbox 269 271 764 339; x_wconf 62' lang='lat' dir='ltr'>mantuanensem</span> <span class='ocrx_word' id='word_1_2' title='bbox 780 276 923 354; x_wconf 71' lang='grc' dir='ltr'>ρ.ι99..ι</span> <span class='ocrx_word' id='word_1_3' title='bbox 1039 268 1115 336; x_wconf 79' lang='lat'>1125</span> 
     </span>
    </p>
   </div>
   <div class='ocr_carea' id='block_1_2' title="bbox 54 433 1187 4299">
    <p class='ocr_par' dir='ltr' id='par_1_2' title="bbox 73 433 1112 819">
     <span class='ocr_line' id='line_1_2' title="bbox 78 433 1112 549; baseline 0.005 -51"><span class='ocrx_word' id='word_1_4' title='bbox 78 453 144 520; x_wconf 85' lang='lat' dir='ltr'>que</span> <span class='ocrx_word' id='word_1_5' title='bbox 157 433 225 549; x_wconf 86' lang='lat' dir='ltr'>post</span> <span class='ocrx_word' id='word_1_6' title='bbox 239 435 424 529; x_wconf 85' lang='lat' dir='ltr'>Scipionem</span> <span class='ocrx_word' id='word_1_7' title='bbox 445 438 547 505; x_wconf 88' lang='lat' dir='ltr'>etiam</span> <span class='ocrx_word' id='word_1_8' title='bbox 565 452 599 514; x_wconf 83' lang='lat' dir='ltr'>et</span> <span class='ocrx_word' id='word_1_9' title='bbox 617 438 696 505; x_wconf 87' lang='lat' dir='ltr'>vixit</span> <span class='ocrx_word' id='word_1_10' title='bbox 713 451 747 505; x_wconf 95' lang='lat' dir='ltr'>et</span> <span class='ocrx_word' id='word_1_11' title='bbox 765 438 902 526; x_wconf 82' lang='lat' dir='ltr'>scripfit3</span> <span class='ocrx_word' id='word_1_12' title='bbox 926 449 965 502; x_wconf 92' lang='lat' dir='ltr'>ut</span> <span class='ocrx_word' id='word_1_13' title='bbox 975 436 1112 503; x_wconf 85' lang='lat' dir='ltr'>oflendr</span> 
     </span>
     <span class='ocr_line' id='line_1_3' title="bbox 78 536 1112 625; baseline 0.006 -28"><span class='ocrx_word' id='word_1_14' title='bbox 78 555 153 600; x_wconf 84' lang='lat' dir='ltr'>mus</span> <span class='ocrx_word' id='word_1_15' title='bbox 174 536 206 600; x_wconf 92' lang='lat' dir='ltr'>in</span> <span class='ocrx_word' id='word_1_16' title='bbox 228 537 455 625; x_wconf 78' lang='lat' dir='ltr'>Disputatione</span> <span class='ocrx_word' id='word_1_17' title='bbox 476 541 529 607; x_wconf 90' lang='lat' dir='ltr'>De</span> <span class='ocrx_word' id='word_1_18' title='bbox 548 542 703 620; x_wconf 75' lang='lat' dir='ltr'>Panaetio,</span> <span class='ocrx_word' id='word_1_19' title='bbox 722 541 778 607; x_wconf 88' lang='lat' dir='ltr'>ubi</span> <span class='ocrx_word' id='word_1_20' title='bbox 796 540 914 606; x_wconf 91' lang='lat' dir='ltr'>horum</span> <span class='ocrx_word' id='word_1_21' title='bbox 930 550 1112 625; x_wconf 83' lang='lat' dir='ltr'>temporum</span> 
     </span>
     <span class='ocr_line' id='line_1_4' title="bbox 77 639 1112 731; baseline 0.005 -31"><span class='ocrx_word' id='word_1_22' title='bbox 77 657 128 701; x_wconf 85' lang='lat' dir='ltr'>rea</span> <span class='ocrx_word' id='word_1_23' title='bbox 141 651 185 703; x_wconf 90' lang='lat' dir='ltr'>et</span> <span class='ocrx_word' id='word_1_24' title='bbox 192 640 330 709; x_wconf 78' lang='lat' dir='ltr'>rationes</span> <span class='ocrx_word' id='word_1_25' title='bbox 344 640 533 730; x_wconf 83' lang='lat' dir='ltr'>diligentius</span> <span class='ocrx_word' id='word_1_26' title='bbox 545 665 643 731; x_wconf 88' lang='lat' dir='ltr'>quam</span> <span class='ocrx_word' id='word_1_27' title='bbox 656 643 765 715; x_wconf 86' lang='lat' dir='ltr'>adhuc</span> <span class='ocrx_word' id='word_1_28' title='bbox 778 642 909 711; x_wconf 62' lang='lat' dir='ltr'>fadum</span> <span class='ocrx_word' id='word_1_29' title='bbox 913 655 994 724; x_wconf 89' lang='lat' dir='ltr'>erat,</span> <span class='ocrx_word' id='word_1_30' title='bbox 1009 639 1112 729; x_wconf 85' lang='lat' dir='ltr'>expli-</span> 
     </span>
     <span class='ocr_line' id='line_1_5' title="bbox 73 742 452 819; baseline 0.018 -16"><span class='ocrx_word' id='word_1_31' title='bbox 73 752 191 806; x_wconf 81' lang='lat' dir='ltr'>cantur</span> <span class='ocrx_word' id='word_1_32' title='bbox 204 754 239 808; x_wconf 89' lang='lat' dir='ltr'>et</span> <span class='ocrx_word' id='word_1_33' title='bbox 251 742 452 819; x_wconf 79' lang='lat' dir='ltr'>ordinantur.</span> 
     </span>
    </p>

    <p class='ocr_par' dir='ltr' id='par_1_3' title="bbox 56 844 1111 2665">
     <span class='ocr_line' id='line_1_6' title="bbox 121 844 1111 935; baseline 0.005 -29"><span class='ocrx_word' id='word_1_34' title='bbox 121 862 195 929; x_wconf 82' lang='lat'>199·</span> <span class='ocrx_word' id='word_1_35' title='bbox 210 846 245 909; x_wconf 88' lang='lat' dir='ltr'><strong>F.</strong></span> <span class='ocrx_word' id='word_1_36' title='bbox 268 845 321 932; x_wconf 81' lang='lat' dir='ltr'>a&#39;.]</span> <span class='ocrx_word' id='word_1_37' title='bbox 355 846 503 923; x_wconf 82' lang='lat' dir='ltr'>AElianus</span> <span class='ocrx_word' id='word_1_38' title='bbox 524 849 600 914; x_wconf 90' lang='lat' dir='ltr'>Var.</span> <span class='ocrx_word' id='word_1_39' title='bbox 624 847 707 914; x_wconf 87' lang='lat' dir='ltr'><strong>Hist.</strong></span> <span class='ocrx_word' id='word_1_40' title='bbox 727 848 789 912; x_wconf 88' lang='lat' dir='ltr'>Xl.</span> <span class='ocrx_word' id='word_1_41' title='bbox 807 869 840 933; x_wconf 89' lang='lat'>9.</span> <span class='ocrx_word' id='word_1_42' title='bbox 861 846 991 912; x_wconf 89' lang='lat' dir='ltr'>initium</span> <span class='ocrx_word' id='word_1_43' title='bbox 1013 844 1111 935; x_wconf 82' lang='lat' dir='ltr'>hujus</span> 
     </span>
     <span class='ocr_line' id='line_1_7' title="bbox 74 940 1109 1037; baseline 0.006 -31"><span class='ocrx_word' id='word_1_44' title='bbox 74 940 140 1008; x_wconf 86' lang='lat' dir='ltr'>loci</span> <span class='ocrx_word' id='word_1_45' title='bbox 155 943 336 1034; x_wconf 84' lang='lat' dir='ltr'>descrlpfit:</span> <span class='ocrx_word' id='word_1_46' title='bbox 356 946 426 1013; x_wconf 86' lang='grc' dir='ltr'>Ὅτι</span> <span class='ocrx_word' id='word_1_47' title='bbox 441 949 573 1027; x_wconf 61' lang='lat' dir='ltr'>Sapalas</span> <span class='ocrx_word' id='word_1_48' title='bbox 585 948 713 1037; x_wconf 75' lang='grc' dir='ltr'>τέσσαρα</span> <span class='ocrx_word' id='word_1_49' title='bbox 728 947 775 1030; x_wconf 73' lang='grc' dir='ltr'>καὶ</span> <span class='ocrx_word' id='word_1_50' title='bbox 787 950 962 1027; x_wconf 69' lang='grc' dir='ltr'>πεντήκοντα</span> <span class='ocrx_word' id='word_1_51' title='bbox 977 947 1022 1026; x_wconf 63' lang='lat' dir='ltr'>fra</span> <span class='ocrx_word' id='word_1_52' title='bbox 1037 947 1109 1027; x_wconf 71' lang='grc' dir='ltr'><strong>βιώ-</strong></span> 
     </span>
     <span class='ocr_line' id='line_1_8' title="bbox 73 1046 1109 1138; baseline 0.007 -31"><span class='ocrx_word' id='word_1_53' title='bbox 73 1069 139 1127; x_wconf 78' lang='grc' dir='ltr'>σας,</span> <span class='ocrx_word' id='word_1_54' title='bbox 157 1049 230 1112; x_wconf 75' lang='grc' dir='ltr'><strong>οὐδὲν</strong></span> <span class='ocrx_word' id='word_1_55' title='bbox 251 1047 312 1119; x_wconf 77' lang='grc' dir='ltr'><strong>οὔτι</strong></span> <span class='ocrx_word' id='word_1_56' title='bbox 334 1050 458 1138; x_wconf 73' lang='grc' dir='ltr'>ἐπρίατο,</span> <span class='ocrx_word' id='word_1_57' title='bbox 479 1046 539 1116; x_wconf 74' lang='grc' dir='ltr'>οὔτε</span> <span class='ocrx_word' id='word_1_58' title='bbox 560 1051 687 1116; x_wconf 66' lang='grc' dir='ltr'>ἀπέδοτο.</span> <span class='ocrx_word' id='word_1_59' title='bbox 723 1052 776 1117; x_wconf 87' lang='lat' dir='ltr'>De</span> <span class='ocrx_word' id='word_1_60' title='bbox 795 1051 923 1132; x_wconf 87' lang='lat' dir='ltr'>virtute,</span> <span class='ocrx_word' id='word_1_61' title='bbox 938 1050 1109 1116; x_wconf 81' lang='lat' dir='ltr'>continen-</span> 
     </span>
     <span class='ocr_line' id='line_1_9' title="bbox 71 1147 1110 1244; baseline 0.005 -32"><span class='ocrx_word' id='word_1_62' title='bbox 71 1147 119 1213; x_wconf 85' lang='lat' dir='ltr'>tia</span> <span class='ocrx_word' id='word_1_63' title='bbox 139 1164 174 1215; x_wconf 91' lang='lat' dir='ltr'>et</span> <span class='ocrx_word' id='word_1_64' title='bbox 195 1150 315 1239; x_wconf 80' lang='lat' dir='ltr'>pietate</span> <span class='ocrx_word' id='word_1_65' title='bbox 339 1154 410 1242; x_wconf 86' lang='lat' dir='ltr'>ejus</span> <span class='ocrx_word' id='word_1_66' title='bbox 432 1153 599 1244; x_wconf 81' lang='lat' dir='ltr'>egregium</span> <span class='ocrx_word' id='word_1_67' title='bbox 621 1155 720 1220; x_wconf 87' lang='lat' dir='ltr'>exstat</span> <span class='ocrx_word' id='word_1_68' title='bbox 742 1155 963 1242; x_wconf 83' lang='lat' dir='ltr'>fragmentum</span> <span class='ocrx_word' id='word_1_69' title='bbox 985 1152 1110 1241; x_wconf 88' lang='lat' dir='ltr'>Polybii</span> 
     </span>
     <span class='ocr_line' id='line_1_10' title="bbox 67 1249 1108 1342; baseline 0.006 -28"><span class='ocrx_word' id='word_1_70' title='bbox 67 1249 218 1333; x_wconf 82' lang='lat' dir='ltr'><strong>XXXII.</strong></span> <span class='ocrx_word' id='word_1_71' title='bbox 229 1275 264 1340; x_wconf 85' lang='lat'><strong>9.</strong></span> <span class='ocrx_word' id='word_1_72' title='bbox 279 1257 301 1320; x_wconf 92' lang='lat'>6</span> <span class='ocrx_word' id='word_1_73' title='bbox 307 1281 317 1336; x_wconf 84' lang='lat'>3</span> <span class='ocrx_word' id='word_1_74' title='bbox 340 1277 438 1342; x_wconf 89' lang='lat' dir='ltr'>quem</span> <span class='ocrx_word' id='word_1_75' title='bbox 459 1255 577 1342; x_wconf 89' lang='lat' dir='ltr'>partim</span> <span class='ocrx_word' id='word_1_76' title='bbox 596 1256 723 1322; x_wconf 84' lang='lat' dir='ltr'>secutus</span> <span class='ocrx_word' id='word_1_77' title='bbox 740 1255 866 1324; x_wconf 89' lang='lat' dir='ltr'>videtur</span> <span class='ocrx_word' id='word_1_78' title='bbox 880 1254 912 1321; x_wconf 94' lang='lat' dir='ltr'>in</span> <span class='ocrx_word' id='word_1_79' title='bbox 927 1253 1042 1320; x_wconf 90' lang='lat' dir='ltr'>eodem</span> <span class='ocrx_word' id='word_1_80' title='bbox 1057 1277 1108 1320; x_wconf 89' lang='lat' dir='ltr'>ar-</span> 
     </span>
     <span class='ocr_line' id='line_1_11' title="bbox 67 1355 1107 1446; baseline 0.002 -27"><span class='ocrx_word' id='word_1_81' title='bbox 67 1369 229 1439; x_wconf 83' lang='lat' dir='ltr'>gumento</span> <span class='ocrx_word' id='word_1_82' title='bbox 244 1357 360 1426; x_wconf 85' lang='lat' dir='ltr'>Cicero</span> <span class='ocrx_word' id='word_1_83' title='bbox 373 1357 405 1423; x_wconf 92' lang='lat' dir='ltr'>in</span> <span class='ocrx_word' id='word_1_84' title='bbox 426 1357 527 1437; x_wconf 81' lang='lat' dir='ltr'>Laelio</span> <span class='ocrx_word' id='word_1_85' title='bbox 542 1358 606 1426; x_wconf 92' lang='lat' dir='ltr'>Ill.</span> <span class='ocrx_word' id='word_1_86' title='bbox 626 1357 696 1424; x_wconf 53' lang='lat' dir='ltr'>,De</span> <span class='ocrx_word' id='word_1_87' title='bbox 709 1357 778 1435; x_wconf 85' lang='lat' dir='ltr'>auri</span> <span class='ocrx_word' id='word_1_88' title='bbox 792 1355 983 1446; x_wconf 78' lang='lat' dir='ltr'>argentique</span> <span class='ocrx_word' id='word_1_89' title='bbox 996 1355 1107 1438; x_wconf 89' lang='lat' dir='ltr'>modo,</span> 
     </span>
     <span class='ocr_line' id='line_1_12' title="bbox 71 1454 1109 1548; baseline 0.006 -30"><span class='ocrx_word' id='word_1_90' title='bbox 71 1454 316 1540; x_wconf 88' lang='lat' dir='ltr'>quod-moriens</span> <span class='ocrx_word' id='word_1_91' title='bbox 332 1456 443 1527; x_wconf 91' lang='lat' dir='ltr'>heredi</span> <span class='ocrx_word' id='word_1_92' title='bbox 456 1457 597 1548; x_wconf 87' lang='lat' dir='ltr'>reliquit,</span> <span class='ocrx_word' id='word_1_93' title='bbox 612 1482 678 1524; x_wconf 92' lang='lat' dir='ltr'>non</span> <span class='ocrx_word' id='word_1_94' title='bbox 697 1458 751 1524; x_wconf 87' lang='lat' dir='ltr'>nifi</span> <span class='ocrx_word' id='word_1_95' title='bbox 766 1459 903 1525; x_wconf 90' lang='lat' dir='ltr'>alterum</span> <span class='ocrx_word' id='word_1_96' title='bbox 920 1457 1109 1536; x_wconf 81' lang='lat' dir='ltr'>memoravit</span> 
     </span>
     <span class='ocr_line' id='line_1_13' title="bbox 70 1550 1108 1647; baseline 0.005 -29"><span class='ocrx_word' id='word_1_97' title='bbox 70 1553 193 1621; x_wconf 84' lang='lat' dir='ltr'>Plinius</span> <span class='ocrx_word' id='word_1_98' title='bbox 214 1559 260 1624; x_wconf 87' lang='lat' dir='ltr'>H.</span> <span class='ocrx_word' id='word_1_99' title='bbox 275 1560 320 1624; x_wconf 92' lang='grc' dir='ltr'>Ν.</span> <span class='ocrx_word' id='word_1_100' title='bbox 344 1550 507 1625; x_wconf 80' lang='lat' dir='ltr'><strong>XXXIII.</strong></span> <span class='ocrx_word' id='word_1_101' title='bbox 529 1578 593 1645; x_wconf 86' lang='lat'>50:</span> <span class='ocrx_word' id='word_1_102' title='bbox 619 1560 732 1624; x_wconf 75' lang='lat' dir='ltr'>Libras</span> <span class='ocrx_word' id='word_1_103' title='bbox 748 1556 898 1625; x_wconf 80' lang='lat' dir='ltr'><strong>XXXII</strong></span> <span class='ocrx_word' id='word_1_104' title='bbox 922 1559 1044 1647; x_wconf 81' lang='lat' dir='ltr'>argenti</span> <span class='ocrx_word' id='word_1_105' title='bbox 1057 1558 1108 1629; x_wconf 88' lang='lat' dir='ltr'>A·</span> 
     </span>
     <span class='ocr_line' id='line_1_14' title="bbox 56 1655 1108 1749; baseline 0.007 -29"><span class='ocrx_word' id='word_1_106' title='bbox 56 1655 203 1744; x_wconf 75' lang='lat' dir='ltr'>fricamcr</span> <span class='ocrx_word' id='word_1_107' title='bbox 214 1660 343 1748; x_wconf 66' lang='lat' dir='ltr'>sequens</span> <span class='ocrx_word' id='word_1_108' title='bbox 358 1659 480 1749; x_wconf 77' lang='lat' dir='ltr'>reliquit</span> <span class='ocrx_word' id='word_1_109' title='bbox 493 1661 615 1726; x_wconf 61' lang='lat' dir='ltr'>baadi:</span> <span class='ocrx_word' id='word_1_110' title='bbox 607 1674 812 1749; x_wconf 89' lang='lat' dir='ltr'>utrumque</span> <span class='ocrx_word' id='word_1_111' title='bbox 826 1660 979 1734; x_wconf 80' lang='lat' dir='ltr'>Aurelius</span> <span class='ocrx_word' id='word_1_112' title='bbox 993 1659 1108 1732; x_wconf 66' lang='lat' dir='ltr'>Vrflor</span> 
     </span>
     <span class='ocr_line' id='line_1_15' title="bbox 66 1757 1107 1851; baseline 0.003 -28"><span class='ocrx_word' id='word_1_113' title='bbox 66 1757 120 1824; x_wconf 83' lang='lat' dir='ltr'>De</span> <span class='ocrx_word' id='word_1_114' title='bbox 136 1758 222 1827; x_wconf 86' lang='lat' dir='ltr'>Viris</span> <span class='ocrx_word' id='word_1_115' title='bbox 243 1760 357 1830; x_wconf 88' lang='lat' dir='ltr'>lllustr</span> <span class='ocrx_word' id='word_1_116' title='bbox 376 1763 501 1839; x_wconf 86' lang='lat' dir='ltr'><strong>LVIII.</strong></span> <span class='ocrx_word' id='word_1_117' title='bbox 522 1783 581 1835; x_wconf 77' lang='grc' dir='ltr'>ιιι</span> <span class='ocrx_word' id='word_1_118' title='bbox 608 1762 710 1850; x_wconf 86' lang='lat' dir='ltr'>Hujus</span> <span class='ocrx_word' id='word_1_119' title='bbox 729 1763 940 1851; x_wconf 80' lang='lat' dir='ltr'>patrimonium</span> <span class='ocrx_word' id='word_1_120' title='bbox 962 1774 1024 1827; x_wconf 80' lang='lat' dir='ltr'>tam</span> <span class='ocrx_word' id='word_1_121' title='bbox 1040 1761 1107 1827; x_wconf 76' lang='lat' dir='ltr'>exl-</span> 
     </span>
     <span class='ocr_line' id='line_1_16' title="bbox 62 1861 1108 1954; baseline 0.002 -30"><span class='ocrx_word' id='word_1_122' title='bbox 62 1861 236 1948; x_wconf 80' lang='lat' dir='ltr'>guamsm&#39;t</span> <span class='ocrx_word' id='word_1_123' title='bbox 247 1875 281 1926; x_wconf 76' lang='lat' dir='ltr'>ut</span> <span class='ocrx_word' id='word_1_124' title='bbox 292 1862 441 1929; x_wconf 85' lang='lat' dir='ltr'><strong>XXXII.</strong></span> <span class='ocrx_word' id='word_1_125' title='bbox 455 1863 551 1928; x_wconf 83' lang='lat' dir='ltr'>libras</span> <span class='ocrx_word' id='word_1_126' title='bbox 566 1865 697 1951; x_wconf 79' lang='lat' dir='ltr'>argenti,</span> <span class='ocrx_word' id='word_1_127' title='bbox 712 1862 788 1930; x_wconf 82' lang='lat' dir='ltr'>duas</span> <span class='ocrx_word' id='word_1_128' title='bbox 803 1864 915 1954; x_wconf 80' lang='lat' dir='ltr'>etsemr&#39;</span> <span class='ocrx_word' id='word_1_129' title='bbox 916 1862 1024 1937; x_wconf 79' lang='lat' dir='ltr'>libram</span> <span class='ocrx_word' id='word_1_130' title='bbox 1037 1864 1108 1927; x_wconf 83' lang='lat' dir='ltr'>auri</span> 
     </span>
     <span class='ocr_line' id='line_1_17' title="bbox 66 1962 1106 2057; baseline 0.003 -30"><span class='ocrx_word' id='word_1_131' title='bbox 66 1962 232 2057; x_wconf 74' lang='lat' dir='ltr'>reliqroerit.</span> <span class='ocrx_word' id='word_1_132' title='bbox 270 1965 447 2047; x_wconf 88' lang='lat' dir='ltr'>Caeterum,</span> <span class='ocrx_word' id='word_1_133' title='bbox 462 1967 533 2032; x_wconf 82' lang='lat' dir='ltr'>haec</span> <span class='ocrx_word' id='word_1_134' title='bbox 549 1987 614 2032; x_wconf 90' lang='lat' dir='ltr'>uon</span> <span class='ocrx_word' id='word_1_135' title='bbox 629 1966 675 2032; x_wconf 88' lang='lat' dir='ltr'>ita</span> <span class='ocrx_word' id='word_1_136' title='bbox 692 1966 891 2054; x_wconf 88' lang='lat' dir='ltr'>accipienda,</span> <span class='ocrx_word' id='word_1_137' title='bbox 906 1965 990 2054; x_wconf 88' lang='lat' dir='ltr'>quafr</span> <span class='ocrx_word' id='word_1_138' title='bbox 1005 1964 1106 2030; x_wconf 85' lang='lat' dir='ltr'>totius</span> 
     </span>
     <span class='ocr_line' id='line_1_18' title="bbox 64 2063 1106 2157; baseline 0.005 -28"><span class='ocrx_word' id='word_1_139' title='bbox 64 2063 256 2152; x_wconf 81' lang='lat' dir='ltr'>poffeflionis</span> <span class='ocrx_word' id='word_1_140' title='bbox 270 2066 410 2154; x_wconf 87' lang='lat' dir='ltr'>pretium</span> <span class='ocrx_word' id='word_1_141' title='bbox 426 2068 520 2133; x_wconf 87' lang='lat' dir='ltr'>instar</span> <span class='ocrx_word' id='word_1_142' title='bbox 532 2068 631 2157; x_wconf 77' lang='lat' dir='ltr'>hujus</span> <span class='ocrx_word' id='word_1_143' title='bbox 644 2068 778 2133; x_wconf 78' lang='lat' dir='ltr'>summa</span> <span class='ocrx_word' id='word_1_144' title='bbox 794 2068 890 2133; x_wconf 86' lang='lat' dir='ltr'>fuerit</span> <span class='ocrx_word' id='word_1_145' title='bbox 891 2092 1002 2156; x_wconf 81' lang='lat' dir='ltr'>‚quae,</span> <span class='ocrx_word' id='word_1_146' title='bbox 1018 2081 1056 2133; x_wconf 93' lang='lat' dir='ltr'>ut</span> <span class='ocrx_word' id='word_1_147' title='bbox 1071 2081 1106 2134; x_wconf 89' lang='lat' dir='ltr'>et</span> 
     </span>
     <span class='ocr_line' id='line_1_19' title="bbox 65 2167 1103 2248; baseline 0.002 -15"><span class='ocrx_word' id='word_1_148' title='bbox 65 2167 195 2234; x_wconf 82' lang='lat' dir='ltr'>aliunde</span> <span class='ocrx_word' id='word_1_149' title='bbox 209 2171 341 2248; x_wconf 88' lang='lat' dir='ltr'>constat,</span> <span class='ocrx_word' id='word_1_150' title='bbox 355 2183 390 2235; x_wconf 94' lang='lat' dir='ltr'>et</span> <span class='ocrx_word' id='word_1_151' title='bbox 403 2169 466 2235; x_wconf 89' lang='lat' dir='ltr'>hoc</span> <span class='ocrx_word' id='word_1_152' title='bbox 487 2169 561 2235; x_wconf 92' lang='lat' dir='ltr'>loco</span> <span class='ocrx_word' id='word_1_153' title='bbox 580 2193 600 2234; x_wconf 93' lang='lat' dir='ltr'>a</span> <span class='ocrx_word' id='word_1_154' title='bbox 620 2171 792 2237; x_wconf 81' lang='lat' dir='ltr'>Plutarcho</span> <span class='ocrx_word' id='word_1_155' title='bbox 806 2170 964 2237; x_wconf 88' lang='lat' dir='ltr'>dicitur‘</span> <span class='ocrx_word' id='word_1_156' title='bbox 936 2170 1017 2235; x_wconf 78' lang='grc' dir='ltr'>ουσία</span> <span class='ocrx_word' id='word_1_157' title='bbox 1030 2187 1103 2235; x_wconf 72' lang='grc' dir='ltr'><strong>πιλ-</strong></span> 
     </span>
     <span class='ocr_line' id='line_1_20' title="bbox 63 2266 1104 2361; baseline 0.003 -27"><span class='ocrx_word' id='word_1_158' title='bbox 63 2274 113 2351; x_wconf 69' lang='lat' dir='ltr'>al,</span> <span class='ocrx_word' id='word_1_159' title='bbox 129 2270 261 2337; x_wconf 75' lang='lat' dir='ltr'>Infinitis</span> <span class='ocrx_word' id='word_1_160' title='bbox 276 2270 420 2359; x_wconf 77' lang='lat' dir='ltr'>partibus</span> <span class='ocrx_word' id='word_1_161' title='bbox 440 2266 577 2361; x_wconf 89' lang='lat' dir='ltr'>amplior</span> <span class='ocrx_word' id='word_1_162' title='bbox 598 2273 695 2339; x_wconf 91' lang='lat' dir='ltr'>fuerit</span> <span class='ocrx_word' id='word_1_163' title='bbox 713 2272 855 2339; x_wconf 88' lang='lat' dir='ltr'>neceffe:</span> <span class='ocrx_word' id='word_1_164' title='bbox 887 2271 941 2338; x_wconf 88' lang='lat' dir='ltr'>sed</span> <span class='ocrx_word' id='word_1_165' title='bbox 961 2272 1001 2339; x_wconf 93' lang='lat' dir='ltr'>de</span> <span class='ocrx_word' id='word_1_166' title='bbox 1022 2274 1104 2361; x_wconf 77' lang='lat' dir='ltr'>vrrsts</span> 
     </span>
     <span class='ocr_line' id='line_1_21' title="bbox 63 2373 1103 2462; baseline 0.002 -26"><span class='ocrx_word' id='word_1_167' title='bbox 63 2375 214 2462; x_wconf 82' lang='lat' dir='ltr'>argenteis</span> <span class='ocrx_word' id='word_1_168' title='bbox 229 2387 257 2439; x_wconf 81' lang='lat' dir='ltr'>et</span> <span class='ocrx_word' id='word_1_169' title='bbox 270 2375 388 2440; x_wconf 82' lang='lat' dir='ltr'>aurcis:</span> <span class='ocrx_word' id='word_1_170' title='bbox 411 2376 499 2462; x_wconf 92' lang='lat' dir='ltr'>quod</span> <span class='ocrx_word' id='word_1_171' title='bbox 513 2391 550 2441; x_wconf 92' lang='lat' dir='ltr'>et</span> <span class='ocrx_word' id='word_1_172' title='bbox 565 2398 665 2440; x_wconf 89' lang='lat' dir='ltr'>nexus</span> <span class='ocrx_word' id='word_1_173' title='bbox 680 2375 820 2441; x_wconf 84' lang='lat' dir='ltr'>declarat</span> <span class='ocrx_word' id='word_1_174' title='bbox 835 2373 1023 2440; x_wconf 83' lang='lat' dir='ltr'>narrationis</span> <span class='ocrx_word' id='word_1_175' title='bbox 1040 2373 1103 2438; x_wconf 90' lang='lat' dir='ltr'>Pli-</span> 
     </span>
     <span class='ocr_line' id='line_1_22' title="bbox 65 2475 1103 2565; baseline 0 -23"><span class='ocrx_word' id='word_1_176' title='bbox 65 2476 123 2555; x_wconf 86' lang='lat' dir='ltr'>nii,</span> <span class='ocrx_word' id='word_1_177' title='bbox 147 2490 180 2541; x_wconf 93' lang='lat' dir='ltr'>et</span> <span class='ocrx_word' id='word_1_178' title='bbox 198 2478 282 2563; x_wconf 85' lang='lat' dir='ltr'>faepe</span> <span class='ocrx_word' id='word_1_179' title='bbox 297 2477 384 2565; x_wconf 89' lang='lat' dir='ltr'>apud</span> <span class='ocrx_word' id='word_1_180' title='bbox 399 2476 533 2543; x_wconf 86' lang='lat' dir='ltr'>Latinos</span> <span class='ocrx_word' id='word_1_181' title='bbox 546 2491 717 2565; x_wconf 82' lang='lat' dir='ltr'>argentum</span> <span class='ocrx_word' id='word_1_182' title='bbox 733 2476 915 2564; x_wconf 88' lang='lat' dir='ltr'>fimpliciter</span> <span class='ocrx_word' id='word_1_183' title='bbox 929 2475 1048 2542; x_wconf 77' lang='lat' dir='ltr'>dIcitur</span> <span class='ocrx_word' id='word_1_184' title='bbox 1062 2475 1103 2542; x_wconf 86' lang='lat' dir='ltr'>de</span> 
     </span>
     <span class='ocr_line' id='line_1_23' title="bbox 62 2578 320 2665; baseline 0.016 -26"><span class='ocrx_word' id='word_1_185' title='bbox 62 2591 187 2665; x_wconf 82' lang='lat' dir='ltr'>argento</span> <span class='ocrx_word' id='word_1_186' title='bbox 202 2578 320 2643; x_wconf 81' lang='lat' dir='ltr'>caeloto.</span> 
     </span>
    </p>

    <p class='ocr_par' dir='ltr' id='par_1_4' title="bbox 54 2679 1187 4299">
     <span class='ocr_line' id='line_1_24' title="bbox 111 2679 1101 2767; baseline 0.001 -24"><span class='ocrx_word' id='word_1_187' title='bbox 111 2700 183 2767; x_wconf 86' lang='lat'><strong>199.</strong></span> <span class='ocrx_word' id='word_1_188' title='bbox 195 2684 230 2746; x_wconf 94' lang='lat'><em>1</em></span> <span class='ocrx_word' id='word_1_189' title='bbox 246 2682 301 2766; x_wconf 84' lang='grc' dir='ltr'>β]</span> <span class='ocrx_word' id='word_1_190' title='bbox 328 2680 515 2746; x_wconf 86' lang='lat' dir='ltr'>Plutarchus</span> <span class='ocrx_word' id='word_1_191' title='bbox 530 2679 616 2745; x_wconf 91' lang='lat' dir='ltr'>idern</span> <span class='ocrx_word' id='word_1_192' title='bbox 631 2681 728 2745; x_wconf 88' lang='lat' dir='ltr'>refert</span> <span class='ocrx_word' id='word_1_193' title='bbox 743 2680 891 2767; x_wconf 87' lang='lat' dir='ltr'>Sympof.</span> <span class='ocrx_word' id='word_1_194' title='bbox 905 2682 964 2744; x_wconf 91' lang='lat' dir='ltr'><strong>IV.</strong></span> <span class='ocrx_word' id='word_1_195' title='bbox 979 2702 1012 2767; x_wconf 91' lang='lat' dir='ltr'><strong>p.</strong></span> <span class='ocrx_word' id='word_1_196' title='bbox 1006 2681 1101 2766; x_wconf 83' lang='lat'><strong>.659.</strong></span> 
     </span>
     <span class='ocr_line' id='line_1_25' title="bbox 60 2781 1099 2870; baseline 0 -23"><span class='ocrx_word' id='word_1_197' title='bbox 60 2782 113 2847; x_wconf 85' lang='lat' dir='ltr'>E:</span> <span class='ocrx_word' id='word_1_198' title='bbox 141 2783 194 2848; x_wconf 88' lang='lat' dir='ltr'>fed</span> <span class='ocrx_word' id='word_1_199' title='bbox 215 2784 291 2847; x_wconf 88' lang='lat' dir='ltr'>hinc</span> <span class='ocrx_word' id='word_1_200' title='bbox 308 2782 467 2869; x_wconf 78' lang='lat' dir='ltr'>descripht</span> <span class='ocrx_word' id='word_1_201' title='bbox 488 2783 637 2848; x_wconf 77' lang='lat' dir='ltr'>Stobteus</span> <span class='ocrx_word' id='word_1_202' title='bbox 650 2781 758 2847; x_wconf 83' lang='lat' dir='ltr'>Ploril.</span> <span class='ocrx_word' id='word_1_203' title='bbox 775 2783 952 2847; x_wconf 84' lang='lat' dir='ltr'><strong>XXXVII.</strong></span> <span class='ocrx_word' id='word_1_204' title='bbox 974 2805 1008 2870; x_wconf 89' lang='lat' dir='ltr'><strong>p.</strong></span> <span class='ocrx_word' id='word_1_205' title='bbox 1025 2800 1099 2849; x_wconf 84' lang='lat'><strong>221.</strong></span> 
     </span>
     <span class='ocr_line' id='line_1_26' title="bbox 58 2880 1099 2977; baseline 0.001 -29"><span class='ocrx_word' id='word_1_206' title='bbox 58 2884 118 2977; x_wconf 25' lang='lat' dir='ltr'>&#39;hic&#39;</span> <span class='ocrx_word' id='word_1_207' title='bbox 133 2884 263 2971; x_wconf 91' lang='lat' dir='ltr'>quidem</span> <span class='ocrx_word' id='word_1_208' title='bbox 280 2884 384 2949; x_wconf 65' lang='lat' dir='ltr'>reclei</span> <span class='ocrx_word' id='word_1_209' title='bbox 409 2883 516 2948; x_wconf 85' lang='lat' dir='ltr'>minus</span> <span class='ocrx_word' id='word_1_210' title='bbox 538 2883 623 2948; x_wconf 64' lang='lat' dir='ltr'>redte</span> <span class='ocrx_word' id='word_1_211' title='bbox 646 2883 794 2949; x_wconf 86' lang='lat' dir='ltr'>AElianus</span> <span class='ocrx_word' id='word_1_212' title='bbox 813 2885 889 2948; x_wconf 86' lang='lat' dir='ltr'>Var.</span> <span class='ocrx_word' id='word_1_213' title='bbox 906 2884 988 2949; x_wconf 85' lang='lat' dir='ltr'><strong>Hist.</strong></span> <span class='ocrx_word' id='word_1_214' title='bbox 1006 2880 1099 2950; x_wconf 88' lang='lat' dir='ltr'><strong>XIV.</strong></span> 
     </span>
     <span class='ocr_line' id='line_1_27' title="bbox 59 2985 1098 3075; baseline -0.001 -23"><span class='ocrx_word' id='word_1_215' title='bbox 59 2990 116 3074; x_wconf 85' lang='lat'><strong>38.</strong></span> <span class='ocrx_word' id='word_1_216' title='bbox 138 2987 192 3075; x_wconf 92' lang='lat' dir='ltr'>qui</span> <span class='ocrx_word' id='word_1_217' title='bbox 214 2987 446 3074; x_wconf 74' lang='lat' dir='ltr'>Epaminondae</span> <span class='ocrx_word' id='word_1_218' title='bbox 469 2985 547 3051; x_wconf 87' lang='lat' dir='ltr'>facit</span> <span class='ocrx_word' id='word_1_219' title='bbox 565 2987 606 3051; x_wconf 93' lang='lat' dir='ltr'>ad</span> <span class='ocrx_word' id='word_1_220' title='bbox 630 2985 813 3075; x_wconf 84' lang='lat' dir='ltr'>Pelopidam</span> <span class='ocrx_word' id='word_1_221' title='bbox 832 2985 977 3062; x_wconf 73' lang='lat' dir='ltr'>dictum:</span> <span class='ocrx_word' id='word_1_222' title='bbox 1002 2986 1098 3051; x_wconf 89' lang='lat' dir='ltr'>dcce-</span> 
     </span>
     <span class='ocr_line' id='line_1_28' title="bbox 58 3087 1098 3177; baseline -0.003 -23"><span class='ocrx_word' id='word_1_223' title='bbox 58 3103 149 3177; x_wconf 89' lang='lat' dir='ltr'>ptus,</span> <span class='ocrx_word' id='word_1_224' title='bbox 165 3105 202 3154; x_wconf 91' lang='lat' dir='ltr'>ut</span> <span class='ocrx_word' id='word_1_225' title='bbox 217 3090 353 3168; x_wconf 87' lang='lat' dir='ltr'>videtur,</span> <span class='ocrx_word' id='word_1_226' title='bbox 370 3088 550 3154; x_wconf 88' lang='lat' dir='ltr'>temeritate</span> <span class='ocrx_word' id='word_1_227' title='bbox 563 3102 785 3174; x_wconf 84' lang='lat' dir='ltr'>excerptorum</span> <span class='ocrx_word' id='word_1_228' title='bbox 801 3089 942 3166; x_wconf 87' lang='lat' dir='ltr'>suorum,</span> <span class='ocrx_word' id='word_1_229' title='bbox 957 3087 1098 3175; x_wconf 89' lang='lat' dir='ltr'>duplici-</span> 
     </span>
     <span class='ocr_line' id='line_1_29' title="bbox 59 3187 1098 3277; baseline -0.001 -22"><span class='ocrx_word' id='word_1_230' title='bbox 59 3205 110 3255; x_wconf 89' lang='lat' dir='ltr'>ter</span> <span class='ocrx_word' id='word_1_231' title='bbox 129 3213 260 3257; x_wconf 87' lang='lat' dir='ltr'>errans:</span> <span class='ocrx_word' id='word_1_232' title='bbox 285 3188 527 3277; x_wconf 88' lang='lat' dir='ltr'>primumquod</span> <span class='ocrx_word' id='word_1_233' title='bbox 550 3211 615 3252; x_wconf 87' lang='lat' dir='ltr'>rem</span> <span class='ocrx_word' id='word_1_234' title='bbox 638 3189 670 3253; x_wconf 92' lang='lat' dir='ltr'>in</span> <span class='ocrx_word' id='word_1_235' title='bbox 694 3188 838 3253; x_wconf 84' lang='lat' dir='ltr'>Africani</span> <span class='ocrx_word' id='word_1_236' title='bbox 858 3187 997 3253; x_wconf 90' lang='lat' dir='ltr'>Minoris</span> <span class='ocrx_word' id='word_1_237' title='bbox 1020 3189 1098 3254; x_wconf 89' lang='lat' dir='ltr'>Vita</span> 
     </span>
     <span class='ocr_line' id='line_1_30' title="bbox 60 3277 1099 3378; baseline -0.002 -20"><span class='ocrx_word' id='word_1_238' title='bbox 60 3277 224 3373; x_wconf 85' lang='lat' dir='ltr'>traditam,</span> <span class='ocrx_word' id='word_1_239' title='bbox 247 3292 287 3358; x_wconf 90' lang='lat' dir='ltr'>ad</span> <span class='ocrx_word' id='word_1_240' title='bbox 306 3293 496 3358; x_wconf 82' lang='lat' dir='ltr'>Africanum</span> <span class='ocrx_word' id='word_1_241' title='bbox 520 3290 679 3378; x_wconf 84' lang='lat' dir='ltr'>Majoreur</span> <span class='ocrx_word' id='word_1_242' title='bbox 702 3291 874 3368; x_wconf 88' lang='lat' dir='ltr'>conferret,</span> <span class='ocrx_word' id='word_1_243' title='bbox 899 3289 1037 3377; x_wconf 87' lang='lat' dir='ltr'>indeque</span> <span class='ocrx_word' id='word_1_244' title='bbox 1056 3291 1099 3356; x_wconf 93' lang='lat' dir='ltr'>ad</span> 
     </span>
     <span class='ocr_line' id='line_1_31' title="bbox 58 3391 1187 3510; baseline -0.004 -48"><span class='ocrx_word' id='word_1_245' title='bbox 58 3392 318 3510; x_wconf 85' lang='lat' dir='ltr'>Epaminondam</span> <span class='ocrx_word' id='word_1_246' title='bbox 341 3394 484 3472; x_wconf 87' lang='lat' dir='ltr'>referret,</span> <span class='ocrx_word' id='word_1_247' title='bbox 507 3391 600 3479; x_wconf 86' lang='lat' dir='ltr'>cujus</span> <span class='ocrx_word' id='word_1_248' title='bbox 615 3407 648 3456; x_wconf 94' lang='lat' dir='ltr'>et</span> <span class='ocrx_word' id='word_1_249' title='bbox 667 3391 811 3456; x_wconf 83' lang='lat' dir='ltr'>Africani</span> <span class='ocrx_word' id='word_1_250' title='bbox 825 3392 917 3456; x_wconf 76' lang='lat' dir='ltr'>Vitas</span> <span class='ocrx_word' id='word_1_251' title='bbox 932 3391 1098 3478; x_wconf 84' lang='lat' dir='ltr'>parallelas</span> <span class='ocrx_word' id='word_1_252' title='bbox 1183 3448 1187 3457; x_wconf 92' lang='lat'><strong>.</strong></span> 
     </span>
     <span class='ocr_line' id='line_1_32' title="bbox 56 3493 1097 3584; baseline -0.002 -22"><span class='ocrx_word' id='word_1_253' title='bbox 56 3521 126 3563; x_wconf 90' lang='lat' dir='ltr'>uno</span> <span class='ocrx_word' id='word_1_254' title='bbox 140 3496 223 3565; x_wconf 89' lang='lat' dir='ltr'>libro</span> <span class='ocrx_word' id='word_1_255' title='bbox 237 3495 446 3584; x_wconf 82' lang='lat' dir='ltr'>conjunxerat</span> <span class='ocrx_word' id='word_1_256' title='bbox 469 3494 669 3561; x_wconf 85' lang='lat' dir='ltr'>Plutarchus.</span> <span class='ocrx_word' id='word_1_257' title='bbox 707 3495 770 3559; x_wconf 89' lang='lat' dir='ltr'>Sed</span> <span class='ocrx_word' id='word_1_258' title='bbox 790 3494 910 3559; x_wconf 91' lang='lat' dir='ltr'>mendo</span> <span class='ocrx_word' id='word_1_259' title='bbox 932 3493 1028 3559; x_wconf 87' lang='lat' dir='ltr'>etiarn</span> <span class='ocrx_word' id='word_1_260' title='bbox 1048 3495 1097 3560; x_wconf 88' lang='lat' dir='ltr'>la-</span> 
     </span>
     <span class='ocr_line' id='line_1_33' title="bbox 56 3584 1097 3687; baseline -0.001 -24"><span class='ocrx_word' id='word_1_261' title='bbox 56 3602 151 3664; x_wconf 84' lang='lat' dir='ltr'>borat</span> <span class='ocrx_word' id='word_1_262' title='bbox 172 3584 291 3665; x_wconf 79' lang='lat' dir='ltr'>librarii</span> <span class='ocrx_word' id='word_1_263' title='bbox 312 3597 479 3664; x_wconf 83' lang='lat' dir='ltr'>AEllanus:</span> <span class='ocrx_word' id='word_1_264' title='bbox 498 3595 607 3682; x_wconf 73' lang='grc' dir='ltr'><strong>Ἔλεγε</strong></span> <span class='ocrx_word' id='word_1_265' title='bbox 630 3598 703 3685; x_wconf 68' lang='grc' dir='ltr'>πρὸς</span> <span class='ocrx_word' id='word_1_266' title='bbox 721 3595 895 3675; x_wconf 78' lang='grc' dir='ltr'>ΠελοπΙὸαν,</span> <span class='ocrx_word' id='word_1_267' title='bbox 909 3599 948 3678; x_wconf 71' lang='grc' dir='ltr'>μὴ</span> <span class='ocrx_word' id='word_1_268' title='bbox 961 3596 1097 3687; x_wconf 62' lang='grc' dir='ltr'>πρότερον</span> 
     </span>
     <span class='ocr_line' id='line_1_34' title="bbox 56 3698 1097 3788; baseline 0.003 -26"><span class='ocrx_word' id='word_1_269' title='bbox 56 3704 275 3781; x_wconf 47' lang='lat' dir='ltr'>&amp;candalum</span> <span class='ocrx_word' id='word_1_270' title='bbox 287 3707 334 3779; x_wconf 76' lang='grc' dir='ltr'>τῆς</span> <span class='ocrx_word' id='word_1_271' title='bbox 357 3706 463 3787; x_wconf 79' lang='grc' dir='ltr'><strong><em>ἀγορᾶς</em></strong></span> <span class='ocrx_word' id='word_1_272' title='bbox 477 3698 566 3786; x_wconf 71' lang='grc' dir='ltr'>ἡμέρᾳ</span> <span class='ocrx_word' id='word_1_273' title='bbox 586 3700 656 3788; x_wconf 66' lang='grc' dir='ltr'>πρὶν</span> <span class='ocrx_word' id='word_1_274' title='bbox 678 3699 693 3777; x_wconf 72' lang='grc' dir='ltr'>ἢ</span> <span class='ocrx_word' id='word_1_275' title='bbox 713 3699 792 3783; x_wconf 77' lang='grc' dir='ltr'>φίλον</span> <span class='ocrx_word' id='word_1_276' title='bbox 810 3701 865 3772; x_wconf 83' lang='grc' dir='ltr'><strong><em>τοῖς</em></strong></span> <span class='ocrx_word' id='word_1_277' title='bbox 887 3698 1017 3785; x_wconf 78' lang='grc' dir='ltr'><strong>ἁρχαΙοις</strong></span> <span class='ocrx_word' id='word_1_278' title='bbox 1034 3705 1097 3765; x_wconf 77' lang='grc' dir='ltr'><strong>τινὰ</strong></span> 
     </span>
     <span class='ocr_line' id='line_1_35' title="bbox 54 3799 1096 3889; baseline 0.002 -25"><span class='ocrx_word' id='word_1_279' title='bbox 54 3801 236 3888; x_wconf 66' lang='grc' dir='ltr'><strong>προστιρῖσιᾳ</strong></span> <span class='ocrx_word' id='word_1_280' title='bbox 258 3802 390 3889; x_wconf 71' lang='grc' dir='ltr'><strong><em>νεώτερον·</em></strong></span> <span class='ocrx_word' id='word_1_281' title='bbox 415 3801 532 3888; x_wconf 86' lang='lat' dir='ltr'>quibus</span> <span class='ocrx_word' id='word_1_282' title='bbox 555 3801 586 3864; x_wconf 83' lang='lat' dir='ltr'>ln</span> <span class='ocrx_word' id='word_1_283' title='bbox 611 3799 712 3865; x_wconf 78' lang='lat' dir='ltr'>verbi8</span> <span class='ocrx_word' id='word_1_284' title='bbox 735 3799 829 3885; x_wconf 85' lang='lat' dir='ltr'>plane</span> <span class='ocrx_word' id='word_1_285' title='bbox 849 3799 928 3864; x_wconf 89' lang='lat' dir='ltr'>illud</span> <span class='ocrx_word' id='word_1_286' title='bbox 948 3800 1096 3887; x_wconf 85' lang='lat' dir='ltr'>ineptum</span> 
     </span>
     <span class='ocr_line' id='line_1_36' title="bbox 57 3902 1096 3993; baseline 0.002 -25"><span class='ocrx_word' id='word_1_287' title='bbox 57 3904 158 3993; x_wconf 64' lang='grc' dir='ltr'>ἡμέρᾳ,</span> <span class='ocrx_word' id='word_1_288' title='bbox 174 3906 256 3981; x_wconf 86' lang='lat' dir='ltr'>forte</span> <span class='ocrx_word' id='word_1_289' title='bbox 271 3906 462 3970; x_wconf 88' lang='lat' dir='ltr'>mutandum</span> <span class='ocrx_word' id='word_1_290' title='bbox 479 3904 511 3968; x_wconf 88' lang='lat' dir='ltr'>in</span> <span class='ocrx_word' id='word_1_291' title='bbox 526 3903 668 3992; x_wconf 65' lang='grc' dir='ltr'><strong>ὀιημέςιη,</strong></span> <span class='ocrx_word' id='word_1_292' title='bbox 684 3903 777 3991; x_wconf 91' lang='lat' dir='ltr'>cujus</span> <span class='ocrx_word' id='word_1_293' title='bbox 792 3902 865 3968; x_wconf 88' lang='lat' dir='ltr'>duae</span> <span class='ocrx_word' id='word_1_294' title='bbox 885 3902 997 3989; x_wconf 82' lang='lat' dir='ltr'>prirnae</span> <span class='ocrx_word' id='word_1_295' title='bbox 1021 3903 1096 3970; x_wconf 80' lang='lat' dir='ltr'>lite-</span> 
     </span>
     <span class='ocr_line' id='line_1_37' title="bbox 56 4004 1095 4095; baseline -0.002 -23"><span class='ocrx_word' id='word_1_296' title='bbox 56 4030 101 4072; x_wconf 83' lang='lat' dir='ltr'>rae</span> <span class='ocrx_word' id='word_1_297' title='bbox 114 4009 155 4071; x_wconf 92' lang='lat' dir='ltr'>ab</span> <span class='ocrx_word' id='word_1_298' title='bbox 168 4006 380 4072; x_wconf 85' lang='lat' dir='ltr'>antecedente</span> <span class='ocrx_word' id='word_1_299' title='bbox 395 4007 525 4071; x_wconf 85' lang='lat' dir='ltr'>nornine</span> <span class='ocrx_word' id='word_1_300' title='bbox 545 4011 650 4095; x_wconf 75' lang='grc' dir='ltr'><em>ἂγοςᾶς</em></span> <span class='ocrx_word' id='word_1_301' title='bbox 665 4005 758 4070; x_wconf 85' lang='lat' dir='ltr'>facile</span> <span class='ocrx_word' id='word_1_302' title='bbox 780 4004 896 4070; x_wconf 89' lang='lat' dir='ltr'>auferri</span> <span class='ocrx_word' id='word_1_303' title='bbox 917 4007 1095 4091; x_wconf 90' lang='lat' dir='ltr'>potuerint.</span> 
     </span>
     <span class='ocr_line' id='line_1_38' title="bbox 55 4106 1157 4196; baseline -0.001 -23"><span class='ocrx_word' id='word_1_304' title='bbox 55 4109 157 4196; x_wconf 73' lang='lat' dir='ltr'>Quod</span> <span class='ocrx_word' id='word_1_305' title='bbox 175 4109 207 4173; x_wconf 90' lang='lat' dir='ltr'>in</span> <span class='ocrx_word' id='word_1_306' title='bbox 226 4108 397 4174; x_wconf 89' lang='lat' dir='ltr'>Plutarcho</span> <span class='ocrx_word' id='word_1_307' title='bbox 419 4123 453 4174; x_wconf 91' lang='lat' dir='ltr'>et</span> <span class='ocrx_word' id='word_1_308' title='bbox 474 4108 605 4174; x_wconf 83' lang='lat' dir='ltr'>Stobaeo</span> <span class='ocrx_word' id='word_1_309' title='bbox 625 4106 747 4173; x_wconf 73' lang='lat' dir='ltr'>dictum</span> <span class='ocrx_word' id='word_1_310' title='bbox 766 4108 864 4172; x_wconf 82' lang='lat' dir='ltr'>exstat</span> <span class='ocrx_word' id='word_1_311' title='bbox 882 4107 944 4171; x_wconf 87' lang='lat' dir='ltr'>fine</span> <span class='ocrx_word' id='word_1_312' title='bbox 964 4108 1096 4173; x_wconf 90' lang='lat' dir='ltr'>nomine</span> <span class='ocrx_word' id='word_1_313' title='bbox 1151 4136 1157 4145; x_wconf 90' lang='lat'>·</span> 
     </span>
     <span class='ocr_line' id='line_1_39' title="bbox 56 4199 1095 4299; baseline -0.001 -22"><span class='ocrx_word' id='word_1_314' title='bbox 56 4212 199 4299; x_wconf 62' lang='grc' dir='ltr'><strong>ὁσημέραι,</strong></span> <span class='ocrx_word' id='word_1_315' title='bbox 222 4234 287 4278; x_wconf 90' lang='grc' dir='ltr'><strong>ιιοιι</strong></span> <span class='ocrx_word' id='word_1_316' title='bbox 314 4210 412 4277; x_wconf 92' lang='lat' dir='ltr'>debet</span> <span class='ocrx_word' id='word_1_317' title='bbox 438 4210 542 4276; x_wconf 87' lang='lat' dir='ltr'>valere</span> <span class='ocrx_word' id='word_1_318' title='bbox 570 4208 612 4274; x_wconf 87' lang='lat' dir='ltr'>ad</span> <span class='ocrx_word' id='word_1_319' title='bbox 640 4199 775 4276; x_wconf 71' lang='lat' dir='ltr'>AEliani&#39;</span> <span class='ocrx_word' id='word_1_320' title='bbox 790 4209 960 4291; x_wconf 88' lang='lat' dir='ltr'>rationem,</span> <span class='ocrx_word' id='word_1_321' title='bbox 982 4210 1039 4299; x_wconf 91' lang='lat' dir='ltr'>qui</span> <span class='ocrx_word' id='word_1_322' title='bbox 1062 4210 1095 4276; x_wconf 87' lang='lat' dir='ltr'>in</span> 
     </span>
    </p>
   </div>
   <div class='ocr_carea' id='block_1_3' title="bbox 525 4331 616 4396">
    <p class='ocr_par' dir='ltr' id='par_1_5' title="bbox 525 4331 616 4396">
     <span class='ocr_line' id='line_1_40' title="bbox 525 4331 616 4396; baseline 0.033 -3"><span class='ocrx_word' id='word_1_323' title='bbox 525 4331 616 4396; x_wconf 78' lang='lat'>403</span> 
     </span>
    </p>
   </div>
   <div class='ocr_carea' id='block_1_4' title="bbox 0 0 1350 4770">
    <p class='ocr_par' dir='ltr' id='par_1_6' title="bbox 0 0 1350 4770">
     <span class='ocr_line' id='line_1_41' title="bbox 0 0 1350 4770; baseline 0 5"><span class='ocrx_word' id='word_1_324' title='bbox 0 0 1350 4770; x_wconf 95' lang='lat' dir='ltr'> </span> 
     </span>
    </p>
   </div>
  </div>
 </body>
</html>
