2692 4770
162 328 225 413 606,
310 332 407 392 D.W.
429 333 635 395 ANIMADV.
656 336 704 394 IN
724 334 954 396 PLUTARCHI
975 336 1048 397 LIB.

161 492 307 557 Antonio
330 516 363 580 p.
379 515 453 582 931.
475 497 527 561 A:
554 495 746 579 δοαλαμέἇνοον
770 496 820 572 τὰς
844 497 985 573 νεανίσκος
1008 497 1190 586 ὶτςαχῆλοζε,

160 594 344 681 complodens
355 586 485 684 juvenes
508 621 552 662 eos
576 598 725 662 cencede!
746 599 870 662 eervices
889 601 1022 685 agitans.
1060 600 1190 684 Fragor.

163 696 189 759 Ι.
205 715 238 775 4.
276 696 441 762 Pausanias
456 700 518 762 III.
537 719 586 785 19.
608 722 641 786 p.
659 714 738 785 259:
763 698 942 778 διαλοὸοῡοοο
963 702 992 776 δὴ
1010 704 1059 776 τὴν
1074 697 1190 775 Ἑλένην

161 802 191 859 ol
211 802 347 881 γυναῖκες·
369 800 632 886 comprehendentes
653 826 688 864 oc
705 802 864 865 vincientes
878 801 1010 864 mulieres
1027 798 1188 865 Helenam.

161 898 203 961 X.
218 918 267 983 13.
290 921 323 985 p.
339 900 419 986 829:
442 897 615 975 διαλαθόντες
634 904 741 983 δεσμοῖς
753 899 854 986 ἄγεσι.
891 901 966 966 Alia
986 901 1135 966 dedimus
1148 900 1189 967 ud

161 997 367 1065 Plutarchum
380 1002 433 1066 De
445 1003 521 1066 Sera
534 1002 635 1064 Num.
651 1000 750 1065 Vind.
764 1023 797 1087 p.
808 1004 884 1085 565.
900 1003 943 1065 A.

202 1101 253 1184 85.
271 1102 310 1165 C.
332 1106 386 1176 τοῖς
406 1102 545 1188 τοιούτοις]
572 1102 683 1166 talibus
704 1101 827 1190 negotiis
847 1102 964 1167 obviarn
981 1103 1047 1167 ire:
1069 1103 1110 1168 de
1125 1103 1188 1170 hoc

154 1201 217 1266 ⁴usu
229 1201 426 1289 pronominis
441 1201 580 1268 diximus
594 1224 627 1287 p.
642 1217 692 1288 15.
705 1204 745 1268 Β.

202 1303 254 1386 85.
270 1303 309 1367 C.
331 1301 735 1391 Ἀλέξανὸςος-ύςεςοφημίας
758 1307 835 1367 ivirio
857 1304 983 1389 οἰόμενος]
1011 1303 1187 1370 Alexandri

158 1389 280 1467 diuum
295 1424 354 1467 nec
372 1402 404 1466 in
426 1402 495 1489 ejus
509 1404 596 1482 Vita,
612 1404 667 1468 ubi
681 1404 710 1467 ei
725 1404 815 1468 locus
830 1419 897 1468 erat
920 1426 952 1489 p.
967 1406 1043 1469 668.
1058 1406 1104 1469 D.
1123 1427 1184 1470 nec

154 1503 191 1568 in
206 1502 558 1591 Apophthegmatibuc,
573 1500 682 1567 retulit
697 1504 895 1569 Plutarchus.
930 1505 1041 1570 Simile
1054 1506 1185 1592 quidem

157 1605 233 1669 huic
253 1619 409 1669 memorat
431 1604 546 1669 Cicero
568 1607 625 1670 Or.
645 1626 704 1690 pro
724 1607 845 1670 Archia
861 1626 920 1670 10:
942 1631 1114 1696 -mognns
1135 1607 1186 1672 ille

156 1705 437 1769 Alexander—cnm
463 1706 494 1768 in
523 1706 608 1791 Sigeo
633 1707 677 1768 od
699 1705 827 1770 Achillis
854 1705 997 1770 tumulum
1023 1707 1185 1794 aessile'fflt,

160 1806 188 1871 0
204 1807 377 1894 fortunate,
400 1808 507 1893 inquit,
534 1807 705 1894 adolescens,
727 1808 779 1893 qui
800 1820 862 1870 lure
879 1809 1002 1871 virtutis
1025 1809 1186 1875 Homerum

153 1924 315 1996 praeconern
330 1907 487 1972 inveneris.
525 1908 634 1972 Rarior
648 1930 707 1970 vox
721 1909 886 1995 ύςεροφημία
906 1911 1003 1972 exliat
1024 1911 1110 1996 apud
1132 1912 1184 1976 M.

156 2009 359 2075 Antoninum
380 2010 424 2073 II.
442 2025 492 2092 17.
517 2011 579 2073 III.
597 2029 645 2072 10.
671 2011 728 2073 IV.
746 2030 803 2095 19:
828 2016 840 2073 ὀ
858 2011 924 2095 orepl
944 2015 992 2088 τὴν
1006 2013 1185 2098 ingemino

158 2110 317 2193 inlonnirog.
359 2110 525 2196 Longinus
548 2109 589 2174 (Ie
614 2111 749 2175 Sublim.
777 2112 869 2175 XIV.
895 2113 949 2175 fin.
977 2115 1051 2198 πρὸς
1071 2116 1117 2177 τὸν
1137 2121 1185 2190 τῆς

156 2213 333 2298 ὔςεροφημῖας
354 2211 421 2285 ὅλως
439 2215 478 2292 μὴ
499 2213 730 2298 τελεσφορούμενα
741 2213 849 2298 χρόνον·
872 2211 1082 2299 eamdemque
1097 2216 1183 2280 resti·

156 2314 220 2378 tuit
241 2312 452 2379 Ruhnkenius
465 2313 587 2376 XLIII.
609 2335 642 2399 p.
659 2329 731 2396 250.
754 2312 787 2376 in
809 2312 949 2378 editione
962 2314 1131 2400 Toupiana
1149 2337 1183 2402 p.

158 2433 231 2500 132.
261 2415 354 2478 Unus
367 2411 468 2477 codex
483 2413 523 2476 C.
539 2412 636 2477 habet
649 2412 835 2499 ὑςεροοωνίας.

76 2588 90 2613 λ
199 2517 252 2601 85.
267 2500 307 2579 C'.
329 2514 468 2598 ἢκαλοῖς]
500 2514 690 2600 legendum
712 2514 837 2579 videtur
857 2515 872 2592 i
890 2521 938 2579 τοῦ
958 2522 1065 2596 καλοῖς,
1087 2531 1122 2582 et
1144 2518 1184 2584 fic

155 2638 283 2704 quoque
298 2614 461 2680 annotavit
474 2616 565 2678 Mea.

198 2720 250 2803 85.
265 2721 303 2782 Ε.
333 2717 419 2799 μηδὲν
443 2717 553 2799 οἰόμενοι
575 2721 664 2781 ποιεῖν
692 2715 770 2802 μέγα
789 2719 822 2780 ri
841 2724 932 2803 μικρῷ
951 2745 1003 2782 τινι
1024 2720 1183 2807 προποδί-

152 2821 255 2902 μενον.]
277 2829 416 2904 perornes
430 2817 474 2896 id,
489 2817 569 2905 quod
585 2832 682 2902 parvo
697 2818 840 2897 addatur,
855 2819 899 2881 nil
916 2843 1057 2906 magnum
1072 2820 1184 2905 efficere

150 2921 238 3006 poffe.
275 2905 353 2982 Non
369 2919 411 2981 est
426 2938 507 3002 opus
521 2918 632 2983 Reilhii
653 2918 838 3005 conjeciura
858 2919 889 2982 ci
910 2923 1006 3004 μικρὸν
1025 2928 1117 3009 μικρῷ
1131 2948 1183 2987 cnr

153 3045 194 3082 er.
229 3019 324 3083 Unus
340 3017 440 3083 codex
460 3018 500 3082 C.
515 3018 608 3081 aliam
630 3018 728 3082 habet
747 3017 931 3097 lectionem,
949 3022 1105 3103 ποιούμενοι
1123 3045 1182 3109 pro

153 3120 263 3202 οἰόμενοι
279 3123 381 3197 ποιεῖν,
397 3116 483 3181 haud
496 3118 606 3204 inepto
626 3119 725 3194 sensu,
748 3118 795 3181 nil
814 3119 1007 3204 existimantes
1027 3146 1182 3210 magnum,

153 3223 232 3310 qood
247 3235 344 3308 parvo
367 3221 521 3283 addetur:
544 3234 577 3284 et
592 3221 785 3306 caeteroquin
808 3221 912 3286 Graeci
934 3243 993 3308 pro
1010 3222 1100 3307 οἵομαο
1114 3227 1182 3289 δεινὰ

152 3324 274 3410 ordgar,
291 3321 340 3385 vel
358 3325 459 3400 ποιεῖν,
474 3321 554 3406 saepe
568 3321 720 3406 usurpant
732 3330 865 3403 ωοοοῡμοο
879 3323 968 3388 δεινάς
991 3347 1056 3410 quo
1069 3325 1110 3390 de
1123 3327 1182 3391 usu

154 3438 266 3490 notata
280 3423 312 3487 in
327 3422 506 3487 adversariis
519 3420 560 3485 ad
572 3422 735 3488 lulianum
749 3423 823 3487 alibi
837 3445 1072 3509 expromemus.

196 3529 248 3612 85.
261 3528 299 3590 Ε.
321 3532 336 3602 ἡ
350 3528 371 3586 δ’
390 3524 465 3597 ἐλπὶς
479 3522 609 3610 inscripto
621 3531 669 3586 τοῦ
682 3524 766 3598 τέλος
784 3525 938 3612 deligaret]
964 3526 1103 3592 Videtur
1117 3529 1180 3595 hoc

155 3626 342 3692 Plutarchus
363 3626 404 3689 ab
424 3625 486 3688 alio
508 3624 666 3709 Scriptore
685 3625 837 3690 sumsrlie:
861 3626 1000 3691 Reillrius
1014 3631 1182 3715 putabate
1212 3652 1217 3657 ’

153 3726 319 3815 Sophoclis
334 3725 458 3812 OEdipo
473 3724 618 3789 Coloneo
632 3726 770 3810 petitum
789 3725 860 3791 erse.
895 3727 1053 3813 Equidem
1072 3728 1179 3797 sedem

151 3828 291 3896 audioris
305 3827 448 3891 nondum
464 3825 579 3890 inveni.

195 3935 248 4015 85.
264 3932 303 3993 Ε.
325 3929 363 3991 Tl
383 3932 440 4014 γὰρ
461 3929 492 3991 τὸ
513 3929 599 4011 παρὰ
618 3929 731 4013 roim]
769 3929 850 4015 Quid
872 3930 947 3993 enirn
969 3931 1005 3994 id
1026 3931 1075 4017 ss,
1102 3937 1182 4021 quod

147 4050 201 4122 per
221 4034 271 4096 hoc
292 4029 363 4093 mibi
379 4027 473 4114 fiet?
503 4029 635 4113 Negans
657 4029 882 4116 interrogatio:
916 4031 1043 4096 Nullum
1065 4059 1101 4098 ere
1124 4038 1179 4101 boc

149 4159 181 4198 re
192 4133 330 4220 feudum
349 4130 519 4217 percipiam,
543 4128 618 4192 Haee
638 4153 696 4207 res,
711 4129 783 4213 five
802 4131 888 4214 adsit,
902 4133 974 4217 five
996 4134 1081 4220 abste,
1105 4149 1176 4200 ton·

142 4233 364 4312 ,eundemne
380 4231 513 4297 Dicium
527 4251 651 4311 eorum,
667 4232 723 4317 qui
735 4231 854 4319 aliquid
868 4248 905 4299 ut
926 4257 1057 4322 parvum
1072 4239 1176 4326 negli-
