2692 4770
213 318 291 389 1192
400 315 440 376 D.
451 315 503 376 W.
523 316 733 377 ANIMADV.
754 315 802 375 IN
822 311 1056 375 PLUTARCHI
1084 348 1088 352 ·

213 477 396 565 Stephanus
415 479 579 566 suscepisse
597 478 733 563 videtur.
764 478 875 558 Ἀδιξοι
889 476 1183 562 dicuntur-quom
1195 491 1251 533 uo·

212 578 296 645 mina
316 605 377 645 ιιοιι
396 582 592 663 celebrantur,
612 607 670 647 non
690 581 820 669 illustria
831 584 920 671 simi,
942 578 1146 666 ignorantur:
1169 594 1250 660 qua·

82 711 85 717 ·
212 679 292 746 lium
310 685 475 749 Laconum
492 683 570 749 item
591 685 623 750 in
634 685 803 750 ·Veterum
821 681 943 770 scriptis
958 676 1253 764 Apophthsgmots

213 781 422 849 ferebantur.
454 807 514 850 nec
537 786 590 849 nifi
611 786 723 872 patriae
745 783 875 849 nomine
893 779 1161 868 appellabantur:
1185 773 1250 838 vel·

213 883 294 950 utia
310 885 443 950 Platone
458 886 490 950 in
507 885 640 952 Phaedro
653 909 686 974 p.
699 905 775 972 350.
790 885 834 949 G.
869 883 1026 948 Cicerone
1040 880 1135 945 Tusc.
1154 879 1182 941 1.
1196 895 1251 957 40.

215 985 387 1052 Plutarcho
407 987 440 1053 in
463 991 615 1077 Lycurgo
637 1011 670 1076 p.
686 1007 740 1073 50.
757 989 796 1052 Ε.
816 998 851 1051 et
868 984 944 1050 alibi
959 984 1063 1069 saepe:
1087 992 1122 1044 et
1135 977 1253 1043 diserte

212 1085 246 1154 in
269 1088 417 1177 Ageiilao
439 1112 473 1177 p.
491 1094 566 1178 613.
582 1092 627 1156 D.
652 1090 815 1176 ἀπεκρίνατο
834 1096 889 1153 τῶν
904 1084 1080 1171 ἀσημοτέρων
1095 1108 1136 1158 τίς
1149 1084 1251 1167 ΣΝΡ·

212 1198 369 1256 τιατῶν-.
403 1191 535 1258 AEliano
556 1195 634 1259 Var.
650 1192 732 1258 Hist.
754 1193 815 1256 IX.
833 1205 886 1274 07.
924 1191 1110 1273 Utrumque
1133 1204 1251 1248 nomen

212 1292 385 1380 usurpatur
405 1293 439 1358 in
458 1294 576 1359 malam
602 1309 637 1360 et
656 1294 765 1360 minus
789 1292 908 1358 maiam
927 1305 1071 1379 partums
1095 1286 1127 1352 in
1151 1285 1253 1364 illam,

67 1399 71 1405 ’
213 1392 255 1458 dc
276 1395 409 1461 homine
431 1396 630 1484 ignominioſsi,
653 1397 744 1460 mola
753 1394 859 1483 sama
878 1417 914 1458 ac
933 1403 1032 1458 notae:
1054 1391 1088 1454 in
1103 1390 1202 1465 hanc,
1216 1386 1254 1450 de

139 1564 142 1569 ,
213 1494 328 1560 bomine
343 1496 481 1583 ignobili,
501 1509 557 1562 aut
578 1498 701 1560 nominis
716 1521 774 1561 non
788 1495 941 1560 celebrati.
976 1493 1030 1560 Sic
1050 1489 1139 1579 apud
1162 1488 1251 1554 Plut-

212 1595 348 1660 archum
362 1596 456 1677 ἄδοξος
470 1598 559 1663 sensu
574 1598 630 1662 illo
650 1598 757 1663 minus
771 1596 953 1676 malo,V1t.
968 1616 1003 1683 p.
1017 1609 1095 1681 345.
1113 1592 1155 1657 C.
1176 1607 1251 1678 347.

212 1697 257 1763 Ι).
276 1716 352 1782 450.
364 1700 409 1763 A.
431 1720 507 1785 544.
523 1700 568 1766 D.
591 1703 667 1768 601.
681 1701 726 1766 A.
759 1703 834 1787 634.
850 1702 886 1765 F.
909 1700 985 1780 846.
1003 1696 1043 1776 Β,
1058 1696 1099 1762 C.
1123 1696 1199 1779 847.
1213 1695 1252 1760 B.

213 1803 289 1887 936.
308 1802 347 1866 Β.
377 1819 471 1887 1017.
488 1806 523 1869 F.
560 1805 648 1891 Opp.
673 1805 762 1870 Mor.
785 1825 819 1891 p.
835 1806 910 1889 805.
934 1805 974 1867 E.
1005 1799 1150 1890 975.A:
1174 1798 1253 1863 item

212 1902 332 1988 ι’ίσημος.
369 1905 439 1970 Vit.
455 1929 489 1994 p.
509 1907 579 1974 180.
597 1910 641 1973 Α.
665 1927 740 1994 091.
755 1905 796 1971 C.
818 1915 873 1969 τῶν
893 1906 1009 1988 ἀσήμων
1020 1907 1085 1966 τινὰ
1099 1901 1252 1989 Scopiu-

211 2015 277 2084 τῶν,
293 2009 441 2095 obscumm
458 2009 654 2096 Spartanum.
684 2010 760 2094 580.
773 2009 817 2072 A.
840 2025 914 2092 340.
928 2006 969 2072 C.
984 2022 1060 2091 703.
1070 2004 1109 2068 Β.
1129 2005 1206 2085 840.
1217 2005 1252 2068 F.

216 2129 308 2196 1059.
326 2109 366 2175 C.
393 2113 487 2190 1064.
505 2114 541 2176 F.

256 2231 330 2297 030.
344 2212 389 2276 D.
412 2210 467 2298 α’.]
494 2210 687 2276 Notavimus
709 2234 741 2299 p.
757 2230 830 2297 223.
845 2211 891 2275 D.
929 2211 967 2274 In
982 2207 1096 2274 codice
1109 2209 1252 2288 Veneto,

212 2312 299 2380 uliud
321 2313 428 2377 similis
448 2313 631 2401 argumenti
659 2312 824 2401 subjicitur
847 2312 1021 2399 deinceps:
1044 2310 1169 2397 Ῥῖγιορις
1189 2337 1251 2393 pa·

212 2417 275 2504 ιοςόν
294 2414 499 2491 κατατείνοντος
523 2415 607 2500 λόγον
633 2418 681 2479 καὶ
704 2421 757 2491 τοὶς
781 2415 935 2502 ἀποκρίσεις
958 2419 1108 2492 αίτοῦντος,
1130 2413 1177 2476 ἵνα
1197 2417 1254 2487 τοῖς

210 2506 347 2592 πολίταις
365 2517 530 2605 ἆταγίείλῃ,
551 2518 708 2603 Ἀπᾶγίελε
728 2519 826 2597 τοίνυν,
848 2519 965 2597 ἔφασαν,
987 2514 1028 2578 ὅτι
1045 2516 1127 2597 μίλις
1144 2518 1196 2598 μὲν
1217 2517 1253 2578 σὺ

212 2620 324 2684 ’παύσω
338 2619 440 2705 λέγων,
455 2621 536 2703 μόλις
551 2622 578 2683 δὲ
593 2627 666 2702 ἡμεῖς
678 2621 831 2696 ἀκούοντος.
856 2619 1017 2707 Congruit
1031 2618 1150 2705 Agidis
1164 2618 1253 2683 didio

212 2719 253 2784 ιε’.
271 2743 303 2806 p.
320 2722 393 2787 016.
409 2724 452 2785 A.

256 2841 330 2907 232.
346 2825 384 2886 E.
407 2821 462 2906 β’.]
497 2825 546 2887 Ut
568 2822 731 2908 Euripidis
760 2821 870 2886 retulit
893 2820 1077 2908 Apostolius
1103 2822 1251 2889 Proverb.

211 2923 256 2986 X.
271 2925 313 2985 6:
333 2921 376 2986 Ἣ
398 2928 499 3007 φρονεῖν
521 2923 640 2987 ἔλασσον
660 2924 675 3001 ἢ
695 2923 817 3000 dioniius
839 2925 878 2986 δεῖ
889 2925 990 3005 μεῖξον·
1015 2921 1103 2985 unde
1118 2921 1150 2985 in
1168 2920 1253 2986 illius

211 3025 412 3112 Fragmentis
436 3026 572 3111 positum
598 3028 641 3091 est
665 3026 837 3091 CCXVII.
882 3024 1001 3090 Similis
1027 3024 1187 3089 sententio
1209 3025 1252 3090 est

211 3149 245 3214 p.
263 3128 336 3193 018.
352 3129 390 3191 Ε.
406 3128 441 3204 η’.
1211 3168 1214 3173 -

256 3249 329 3317 030.
345 3232 383 3294 Ε.
399 3228 456 3316 γ’.]
484 3229 678 3296 Conferatur
693 3229 851 3296 Nicandri
864 3229 905 3309 β’.
920 3251 954 3317 p.
968 3248 1041 3315 230.
1053 3231 1092 3294 B.
1116 3230 1252 3296 Diuum

210 3333 309 3397 refert
325 3332 463 3419 Cragius
479 3356 512 3418 p.
528 3335 601 3416 256.

256 3454 329 3520 030.
345 3437 383 3499 Ε.
407 3437 459 3520 ς’.]
486 3437 537 3499 De
561 3433 686 3499 Pindari
708 3435 796 3499 diuo
818 3435 944 3522 egimus
959 3434 999 3500 ad
1014 3435 1135 3502 Juliani
1150 3436 1209 3501 Or.
1224 3437 1252 3501 Ι.

212 3559 246 3624 p.
260 3537 291 3599 8.
308 3536 349 3601 C.
369 3536 401 3599 in
420 3535 572 3599 Biblioth.
588 3534 671 3599 Crit.
686 3536 761 3599 Vol.
781 3537 842 3599 111.
860 3538 943 3600 Part.
960 3537 989 3599 1.
1005 3558 1037 3623 p.
1052 3559 1108 3621 49.

255 3656 329 3721 030.
346 3641 380 3701 F.
404 3636 458 3723 ξ’.]
486 3637 573 3703 Η1110
596 3637 746 3702 Erasmus
767 3637 874 3725 Adag.
897 3659 930 3725 p.
951 3655 1025 3725 709.
1044 3639 1252 3724 proverbium

211 3739 346 3818 effinxit,
364 3742 464 3803 Fortes
478 3740 509 3802 in
526 3739 657 3803 Tabula.

255 3862 329 3929 030.
347 3844 381 3907 F.
404 3843 456 3924 η’.]
480 3842 591 3906 Simile
604 3843 648 3906 est
667 3840 841 3907 Simonidis
857 3842 943 3930 apud
958 3843 1124 3908 Stobaeum
1141 3844 1252 3910 Floril.

211 3948 257 4009 11.
281 3968 313 4034 p.
330 3965 395 4032 32:
419 3944 569 4026 Σιμωνίδης
586 3952 598 4007 ὁ
613 3946 769 4027 μελοποιὸς,
783 3944 900 4021 εἰπόντος
917 3947 1000 4024 τινὸς,
1019 3944 1058 4008 ὅτι
1073 3949 1182 4011 πολλοὶ
1196 3952 1252 4011 αὖ·

209 4050 256 4111 τὸν
271 4052 343 4134 παρ’
367 4052 443 4133 αὐτῷ
465 4057 557 4123 κακῶς
577 4047 705 4132 λέγωσιν·
730 4051 775 4110 Ori
789 4048 903 4135 παύσῃ,
919 4047 978 4132 ἔφη,
992 4049 1058 4112 ποτὶ
1073 4049 1108 4111 σὺ
1127 4054 1184 4125 τοῖς
1199 4048 1255 4114 οὖσί

209 4175 245 4233 με
260 4153 448 4233 βλασφημῶν.

253 4269 329 4338 030.
344 4253 379 4317 F.
404 4249 448 4335 1.]
473 4253 520 4316 Ex
537 4250 616 4319 Vita
630 4249 773 4342 Lycurgi
793 4272 826 4339 p.
841 4253 939 4339 52.·F
950 4274 959 4316 t
983 4250 1070 4338 inpos
1091 4249 1120 4315 δι’
1133 4277 1175 4327 τις
1190 4249 1250 4316 idcir
