2692 4770
202 312 404 375 APOPHTH.
419 314 509 376 REG.
524 315 576 375 ΕΤ
589 315 685 377 DUc.
698 317 989 395 p.197.D-198.c.
1039 328 1116 393 ¹119

131 493 204 564 197.
219 480 264 544 D.
287 479 333 564 εἲ]
360 480 409 543 Ex
424 479 501 545 Vita
517 480 765 568 Philopoemenis
786 504 819 568 p.
835 500 912 567 337.
927 482 971 547 A.

130 598 202 666 197.
217 581 261 644 D.
284 585 440 646 ΓΝΑΙΟΥ
460 585 693 668 nominoe]
717 583 770 648 Est
791 582 845 647 hic
863 584 926 648 Cn.
939 581 1120 665 Domitius,

84 680 143 767 qui
170 682 320 768 Scipione
340 683 494 748 Africano
517 656 655 771 Maiore,
678 684 798 748 Elaeam
820 706 909 771 oegro
931 682 1120 765 decedente,

84 783 174 870 apud
196 784 325 848 fratrem
350 785 486 850 Lucium
515 785 698 872 Scipionem
721 786 847 874 legatus
869 800 903 850 et
928 786 1120 852 confiliariue

84 886 225 967 relicius,
240 887 441 952 Antiochum
455 887 496 952 ad
511 889 708 974 Magnesiam
722 889 812 953 vicit:
837 903 875 952 ut
889 888 1001 954 diserte
1015 904 1122 954 narrat

86 988 258 1075 Appianus
280 989 313 1053 in
336 991 474 1078 Syriacis
494 993 603 1056 XXX.
616 1006 650 1056 ct
664 993 727 1079 seq.
743 1015 818 1057 nam
833 992 941 1056 Livius
955 990 1050 1078 hujus
1065 990 1122 1057 viri

84 1090 197 1155 laudes
216 1091 282 1157 fere
296 1092 418 1158 fitentio
432 1093 596 1181 praeteriit,
620 1116 680 1160 nec
699 1095 753 1159 nifi
771 1096 867 1159 verbo
882 1117 957 1158 eum
974 1093 1121 1159 nomina·

68 1193 132 1257 ‘vit
151 1196 327 1260 XXXVII.
344 1215 399 1282 39.
435 1197 498 1262 Vix
515 1196 650 1261 dubium
668 1197 745 1285 quin
769 1196 854 1261 idem
874 1197 911 1261 sit
925 1197 988 1262 Cn.
1003 1196 1122 1262 Domi-

83 1294 151 1360 tius
169 1297 417 1377 Ahenobarbus,
434 1298 491 1385 qui
505 1297 636 1364 biennio
654 1313 748 1363 antea
770 1298 891 1364 Consul
912 1315 1121 1380 memoratur,

85 1420 114 1460 v.
125 1420 155 1462 c.
170 1397 257 1484 apud
272 1398 420 1484 Pighium
439 1399 559 1464 Annal.
575 1401 752 1488 Magistrat.
770 1402 864 1466 Rom.
879 1401 923 1464 A.
938 1402 982 1466 U.
996 1401 1121 1466 DLXI.

82 1541 87 1548 ·
132 1514 205 1585 197.
220 1502 258 1563 E.
282 1504 476 1564 ΠΟΠΛΙΟΥ
497 1503 717 1587 miuron]
748 1503 852 1568 Publii
872 1501 989 1567 Licinii
1012 1502 1121 1567 Crasti.

87 1601 201 1690 Polyb.
218 1604 368 1689 Excerpt.
384 1606 500 1690 Legat.
515 1625 555 1668 ex
569 1605 713 1670 XXVII.
730 1606 761 1670 8.
795 1605 903 1669 Livius
919 1607 1026 1671 XLII.
1037 1606 1124 1692 58-

82 1706 142 1790 63.
156 1703 210 1769 alii
225 1702 345 1768 laudati
361 1704 475 1791 Pigbio
491 1705 533 1769 ad
545 1706 589 1770 A.
602 1708 647 1771 U.
663 1707 871 1772 DLXXXIl.

133 1823 205 1893 197·
222 1809 256 1870 r.
279 1812 453 1870 namon
466 1812 684 1870 Arnmrou.
704 1807 762 1892 aa]
787 1810 834 1871 Ex
848 1807 926 1873 Vita
943 1809 981 1872 L.
998 1808 1124 1873 AEmilii

89 1909 178 1974 Pauli
195 1931 229 1996 p.
244 1909 318 1993 258.
334 1909 373 1972 B.
397 1929 471 1996 259.
488 1912 523 1972 F.
549 1911 623 1974 260.
639 1910 679 1974 C.

132 2027 204 2098 197.
221 2014 256 2075 F.
279 2009 334 2094 at]
361 2010 508 2074 indidem
531 2032 564 2096 p.
583 2013 656 2076 260.
671 2012 711 2075 B.
735 2010 863 2076 auctore
887 2010 1046 2077 Cicerone
1070 2014 1124 2079 De

86 2113 231 2178 Divinat.
251 2114 279 2177 1.
293 2114 347 2193 46.
372 2112 458 2177 unde
480 2126 513 2177 et
531 2112 678 2178 Valerius
696 2115 788 2177 Max.
806 2115 833 2176 I.
848 2129 881 2199 5.
897 2133 938 2201 3:
963 2112 1017 2178 alii
1033 2115 1125 2180 citati

87 2216 228 2282 Davifio.

131 2342 165 2406 p.
183 2320 256 2407 198.
272 2319 315 2383 A.
337 2319 395 2404 7.]
421 2318 568 2385 Indidem
590 2341 624 2406 Ρ.
641 2322 715 2386 261.
733 2321 822 2408 Pet
845 2323 919 2387 260.
938 2320 978 2385 C.
995 2320 1027 2385 in
1043 2344 1123 2387 con·

90 2422 184 2487 cione
206 2425 316 2487 Romae
339 2420 460 2500 habita,
483 2444 581 2509 quam
602 2422 732 2486 uberius
754 2422 851 2486 refert
873 2421 980 2487 Livius
1002 2424 1134 2491 XLIV..

90 2544 206 2711 22i98.
222 2629 265 2690 A.
285 2626 333 2713 X]
362 2625 508 2691 Indidem
531 2647 564 2712 p.
582 2628 656 2694 262.
671 2627 715 2691 A.
747 2626 878 2713 Spedlat
890 2628 1028 2692 Tzctzes
1042 2626 1125 2692 Chi·

82 2728 165 2792 uaa
182 2729 242 2793 rx.
261 2729 340 2793 urst.
357 2731 431 2812 276.

136 2835 208 2921 198.
224 2834 267 2898 A.
291 2833 338 2918 a]
364 2832 511 2897 nouem
528 2855 561 2920 p.
579 2833 653 2918 263.
670 2835 705 2897 r.
730 2835 804 2914 264.
821 2835 863 2897 A.

135 2937 206 3020 198.
224 2936 263 2999 B.
286 2931 337 3018 52]
364 2931 510 2998 indidem
533 2954 566 3020 p.
585 2949 658 3017 27ο.
674 2934 719 2998 D.
756 2935 958 2998 Memoratur
975 2946 1010 2998 et
1028 2935 1126 3023 Sym·

87 3038 155 3124 pos.
173 3039 200 3100 I.
217 3059 249 3122 p.
261 3041 336 3120 615.
350 3037 396 3100 E:
421 3042 538 3099 Παῦλον
550 3035 680 3117 Αἰμίλιον
693 3038 824 3121 ςραῖηγὸν
840 3035 968 3121 λέγεσιν,
986 3035 1029 3101 dre
1044 3043 1126 3128 Ilug-

87 3139 143 3202 σέα
168 3139 396 3220 καῖαπολεμὴσας
418 3142 444 3200 ἐν
470 3137 631 3222 Μακεδονίᾳ
655 3138 760 3212 πότους
783 3138 948 3226 συνεκρότει,
975 3139 1072 3226 κόσμῳ
1096 3167 1128 3204 τε

88 3248 228 3327 θαυμαςῷ
243 3241 311 3328 angl
324 3241 425 3304 πάντα
441 3239 532 3326 culmi
548 3243 629 3325 λοιπῇ
642 3239 718 3318 τάξει
738 3240 894 3327 χρώμενον,
914 3246 1003 3317 εἰπεῖν,
1024 3239 1065 3305 ὅτι
1080 3250 1127 3306 τοῦ

78 3350 174 3408 ahot
193 3342 284 3430 ἀνδρός
302 3346 343 3415 ὲςι
366 3341 412 3421 καὶ
434 3342 568 3426 φάλαγῖα
587 3347 705 3420 micui
725 3340 928 3428 φοὸεςωτᾶτην,
951 3339 997 3421 καὶ
1016 3343 1127 3424 συμπό-

87 3471 146 3508 σιον
160 3447 259 3522 iluna·
283 3441 368 3525 ἄμφω
386 3447 444 3528 γὰρ
462 3441 590 3519 εὐταξίας
606 3442 682 3520 eluat.
719 3444 823 3506 Vetus
840 3460 1040 3528 praeceptum
1057 3443 1128 3531 jam

90 3559 257 3611 ornaverat
274 3545 418 3632 Panyafia
432 3565 485 3631 ap.
502 3545 593 3609 Stob.
610 3544 694 3609 Flor.
711 3546 820 3610 XVII.
837 3566 871 3631 p.
890 3548 962 3626 164.

138 3653 209 3735 198.
224 3650 263 3713 B.
288 3648 342 3734 32]
370 3647 518 3711 Indidem
541 3668 574 3732 p.
591 3664 664 3732 273.
682 3648 723 3711 C.

138 3752 209 3837 198.
225 3752 261 3814 B.
283 3750 334 3834 72]
361 3748 509 3813 Indidem
529 3768 564 3834 Ρ.
579 3764 653 3831 27ο.
670 3750 710 3811 E.
748 3747 908 3833 Spettnvit
923 3749 985 3814 hoc
1007 3749 1130 3817 facium

93 3849 240 3915 Valerius
256 3853 345 3916 Max.
363 3852 422 3917 IV.
438 3872 472 3932 4.
488 3873 521 3936 9.
559 3849 679 3914 Plinius
700 3848 782 3912 Hill.
799 3851 879 3913 Nat.
895 3851 1058 3916 XXXIII.
1073 3867 1128 3936 50.

93 3954 235 4019 Phialam
258 3955 290 4019 in
313 3955 452 4041 praemiis
467 3955 624 4020 honorem
641 3954 763 4019 notovit
783 3955 817 4017 J.
834 3956 868 4017 F.
885 3954 1067 4017 Gronovius
1088 3952 1132 4019 ad

92 4056 205 4144 Polyb.
220 4056 281 4120 VI.
295 4076 349 4142 37.

138 4160 211 4246 198.
229 4158 269 4223 C.
291 4156 348 4243 ast]
374 4158 521 4223 Indidem
546 4179 580 4244 p.
603 4174 679 4243 374.
718 4154 812 4221 Hanc
836 4154 907 4243 ejus
934 4156 966 4220 in
992 4157 1131 4223 filiorum
1254 4240 1257 4247 Ι

81 4261 188 4328 obitu
208 4259 416 4328 constantiam
438 4259 608 4347 aliquoties
630 4258 801 4326 celebravit
816 4259 932 4328 Cicero
954 4259 1006 4327 De
1019 4260 1130 4328 Amic.
