2692 4770
161 317 221 379 060
352 316 392 380 D.
404 319 455 378 W.
477 318 685 378 ANIMADV.
704 316 755 376 IN
773 312 1005 375 PLUTARCHI

204 493 277 566 135.
289 480 335 546 D.
368 484 495 547 Πλάτων
516 482 632 569 παρῄνει
656 486 713 557 τοῖς
734 480 811 565 νίσις]
847 480 923 543 Non
947 475 1045 543 exstat
1066 472 1101 539 in
1122 470 1193 560 ejus

160 582 299 670 scriptis:
322 585 471 650 convenit
482 599 589 650 tamen
605 606 680 649 cum
694 596 869 671 precepto,
884 581 915 645 in
932 583 1013 667 Leg.
1027 580 1053 643 1.
1070 598 1103 664 p.
1114 592 1194 663 572.

160 684 207 749 E:
231 685 298 767 φημί
311 685 357 748 τδν
370 690 455 751 άτισῦν
468 687 577 770 άγαδδν
589 683 731 767 μέλλοντα
749 681 833 769 άνδρα
848 682 962 760 ἔσεῶαρ,
979 687 1059 743 τοῦτο
1074 679 1143 742 αάτδ
1161 682 1194 741 iz

158 785 269 849 παίδων
282 786 360 862 εὐθὺς
379 793 499 874 μελετξιν
518 790 569 850 δεῖν
586 785 728 868 παίζοντά
746 812 778 849 τι
795 787 817 871 ιζ
841 783 1017 866 σπεδάζοντα
1035 787 1061 846 ἓν
1075 784 1132 856 τοῖς
1144 786 1195 845 τοῦ

157 885 333 973 πράγματος
357 888 465 962 ίαάςοις
486 885 751 972 προσήκατο-κα]
766 890 911 973 πειράᾶαη
931 887 977 947 διιὶ
997 891 1052 947 τῶν
1072 882 1195 946 παιδιῶν

159 990 248 1051 ίκεῖσι
263 987 368 1075 τρίπειν
381 994 432 1063 τοὶς
450 992 540 1067 ἡδονάς
561 987 607 1068 κα]
625 987 771 1071 ίπνᾶνμίας
786 996 841 1052 τῶν
853 989 975 1065 παίδων,
990 983 1016 1048 σί
1027 983 1195 1067 ἀφικομένας

157 1088 255 1164 αὐτοὺς
267 1092 307 1152 δεῖ
318 1089 396 1165 τέλος
409 1090 494 1178 ἔχειν.

204 1206 275 1276 135.
294 1192 338 1257 D.
365 1193 398 1255 ιδ
424 1201 508 1274 σῶμα
534 1191 767 1278 παρατείνοντας]
807 1188 1000 1256 Meziriacus
1028 1184 1196 1252 annotavit

156 1292 390 1378 παρατιίροντας,
408 1293 495 1381 quod
514 1315 574 1357 nec
594 1294 663 1373 usu,
686 1314 745 1356 nec
766 1291 798 1356 in
816 1291 940 1357 Lexicis
958 1292 1072 1355 fertur.
1108 1286 1194 1352 Vul-

156 1408 271 1480 gatum
286 1394 415 1481 elegans
429 1407 465 1458 et
484 1394 635 1458 ufitatum
656 1393 787 1459 notione
798 1392 976 1481 fatigandi,
998 1389 1194 1479 distendendi,

156 1495 211 1561 sed
230 1496 296 1560 fere
317 1496 433 1560 Paffivo
452 1497 547 1560 verbo
568 1519 596 1559 ν.
611 1518 642 1559 c.
663 1518 684 1559 a
703 1493 874 1559 Plutarcho
890 1492 1020 1558 Consul.
1036 1490 1193 1577 Apollon.

156 1618 191 1685 p.
209 1613 281 1681 117.
303 1600 338 1663 F.
376 1597 621 1685 Apophthegm.
647 1617 719 1683 ¹95·
733 1597 778 1662 D.
815 1594 934 1660 Solone
957 1595 1009 1659 82.
1023 1597 1071 1659 A:
1100 1593 1197 1681 plura

125 1723 131 1730 ·
156 1699 268 1764 attulit
284 1698 496 1765 Ruhnkenius
510 1698 551 1762 ad
564 1699 650 1764 Tim.
662 1698 761 1763 Glois.
778 1697 900 1763 Platon.
917 1698 1097 1785 Παρατενιῖς·
1119 1700 1195 1759 ἄτο-

155 1805 225 1880 λεῖς,
251 1800 293 1864 nri
314 1800 404 1866 πλίον
424 1802 623 1887 παρελκύσες·
647 1801 735 1889 quod
757 1813 865 1866 tamen
884 1798 991 1865 Afflvi
1009 1799 1116 1864 forma
1133 1819 1196 1864 nec

156 1902 191 1970 in
207 1903 338 1969 Platone
355 1904 553 1969 observatum
567 1904 622 1982 est,
638 1916 671 1968 et
687 1902 762 1967 alibi
776 1924 906 1990 quoque
920 1924 990 1967 raro
1004 1901 1193 1989 usurpatur:

154 2029 186 2072 ν.
198 2029 228 2071 c.
249 2004 335 2093 apud
357 2005 609 2092 Xenophontem
632 2003 802 2092 Cyropaed.
822 2006 897 2090 1.3.
917 2022 966 2066 11.
989 2001 1195 2090 παρατείναιμι

154 2115 260 2188 τοῦτον,
274 2107 364 2193 ὥσπερ
378 2107 454 2181 οὗτος
472 2109 520 2191 ip&
537 2105 697 2192 παρατείνει
712 2112 766 2173 άπδ
780 2115 830 2171 σοῦ
849 2108 972 2172 κωλύων.
1011 2106 1101 2171 Philo
1115 2105 1194 2172 Jud.

154 2210 194 2274 T.
208 2208 254 2272 II.
275 2230 311 2295 p.
330 2224 401 2292 117.
419 2209 458 2272 F:
481 2206 642 2292 παρατείνει
663 2214 737 2294 λιμῷ
754 2210 815 2283 τοὺς
837 2208 972 2295 γαςέρας.
1016 2208 1141 2296 Attigit
1160 2221 1197 2273 et

156 2309 264 2375 Paffivi
290 2308 436 2397 exempla
462 2309 694 2375 Valckenarius
720 2309 762 2374 ad
788 2309 948 2396 Euripidis
979 2309 1128 2375 Phoeniff.
1157 2330 1194 2398 p.

201 2534 273 2602 135.
289 2519 332 2582 D.
355 2515 559 2606 ἀποκναίοντες]
588 2517 798 2606 Exposuirnus
812 2516 852 2582 ad
868 2539 901 2604 p.
912 2518 966 2600 48.
982 2518 1027 2583 D.

199 2640 236 2706 13
239 2637 272 2706 5.
288 2623 333 2686 D.
356 2621 556 2708 ἐπηρεάζοντες]
587 2622 744 2701 Venientes,
767 2621 947 2708 irfistantes,
968 2636 1021 2708 per
1042 2618 1195 2682 iuvidiam

154 2736 183 2786 et
197 2722 419 2786 contumeliam:
444 2745 507 2787 non
525 2724 719 2810 infrequens,
740 2723 790 2788 sed
807 2738 915 2800 tamen
931 2719 1116 2797 solitarium,
1133 2742 1195 2784 nec

153 2826 285 2911 fimplici
307 2827 437 2913 ηρεοίζειν,
461 2849 520 2891 nee
543 2827 679 2913 origine,
700 2840 755 2890 aut
774 2825 842 2890 aliis
862 2822 1055 2911 compofitie,
1075 2823 1194 2909 cogni-

152 2941 247 2991 tum:
270 2930 300 2992 J.
317 2930 360 2991 D.
374 2928 557 3013 Lennepius
581 2926 784 2991 verisimiliter
807 2926 923 3011 repetit
945 2926 985 2990 ab
1004 2924 1080 3010 ίρίω,
1105 2923 1194 2989 unde

153 3029 268 3094 exstitit
282 3030 380 3112 ἐρείδω,
395 3028 622 3116 Etynr'ologico
637 3032 675 3094 L.
692 3031 750 3093 Gr.
772 3052 804 3114 p.
822 3032 895 3093 281:
913 3027 1055 3092 indidem
1070 3026 1142 3111 ίρμα
1158 3048 1191 3113 p.

153 3141 228 3219 290.
260 3128 359 3195 Verbi
375 3131 437 3194 vim
453 3146 600 3195 accurate
621 3132 742 3195 notavit
757 3130 940 3194 Aristoteles
962 3129 1126 3193 Rhetoric.
1146 3131 1191 3193 ΙΙ.

153 3255 193 3299 2:
216 3233 280 3322 τρία
300 3237 321 3296 δ’
337 3238 391 3306 {fn
404 3232 455 3310 είδη
471 3233 631 3320 ὀλιγωρίας,
652 3232 851 3320 καταφρύνησίς
869 3260 900 3295 τε
920 3230 966 3311 κα]
984 3233 1191 3318 ἐπηρεασμδςνζ1

151 3334 328 3424 Ἄρις-κα]
349 3341 361 3397 ὁ
384 3335 534 3420 ἐπηρεάζων
554 3335 677 3417 φαίνετον
699 3338 886 3421 καταφρονεῖν·
913 3334 952 3408 ἔςι
968 3339 1027 3421 γάρ
1043 3339 1056 3395 ί
1074 3337 1191 3420 ἐπηρεα-

153 3442 234 3521 σμδς,
254 3440 418 3522 ἐμποδισμὸς
439 3441 501 3510 ταῖς
522 3438 686 3518 βελῆσεσιν,
711 3441 754 3524 είχ
775 3437 819 3500 ίνα
839 3464 867 3499 τι
890 3442 977 3522 αὐτῷ,
999 3440 1065 3499 ἀλλ’
1088 3438 1133 3499 ίνα
1153 3440 1192 3517 με]

151 3540 252 3628 ίκύνορ.
288 3544 369 3606 Haec
385 3540 475 3605 notio
493 3541 635 3606 cernitur
648 3541 681 3604 in
696 3539 775 3604 locis
791 3540 971 3605 Plutarchi:
997 3538 1146 3626 Sympos.
1163 3541 1190 3602 1.

150 3665 184 3729 p.
200 3645 275 3708 621.
297 3644 335 3706 E.
374 3643 465 3728 Reip.
493 3644 569 3707 Ger.
595 3644 747 3729 Praecept.
769 3644 843 3706 816.
866 3642 912 3707 C:
947 3641 1192 3706 accommodate

151 3744 192 3809 ad
206 3744 392 3832 praesentem
410 3745 618 3809 sententiam:
642 3744 697 3822 ἦτε
713 3746 833 3810 κολούων
850 3744 883 3808 οίν
901 3771 942 3821 τις
959 3746 1071 3828 ἀξίωμα
1086 3746 1190 3832 συνάρ-

147 3872 259 3934 χοντος,
278 3845 294 3923 ἢ
317 3847 449 3932 πράξεσιν
470 3846 601 3933 ἐχούσαις
619 3846 777 3930 φιλοτιμίαν
792 3847 954 3934 ἐπηρεάζων,
972 3847 1102 3924 ἢποίντα
1117 3863 1190 3911 σολ-

149 3948 248 4028 λήὸδην
260 3947 399 4022 ἀνατιθείς
412 3947 473 4029 άμα
488 3947 534 4028 κα]
547 3949 695 4037 περιάγων
709 3952 752 4012 ὑπ’
767 3949 915 4023 αὐθαδείας
929 3955 964 4023 είς
980 3951 1085 4028 ἑαυτὸν,
1104 3950 1191 4013 ἐκείνοι

148 4053 169 4112 δ’
192 4052 397 4139 ἀφαιρούμενος,
418 4055 530 4129 ἐπιεικὴς
554 4050 587 4115 dr
609 4051 699 4134 φανείη
720 4049 767 4129 κα]
792 4049 914 4138 μέτριος.
950 4053 1002 4116 De
1026 4050 1190 4116 Audiendi

149 4154 285 4218 Ratione
307 4174 339 4239 p.
354 4172 409 4238 43.
427 4152 477 4217 C:
502 4160 515 4216 ί
534 4181 567 4239 τη
590 4154 673 4216 κλειδὶ
695 4157 733 4216 τοὶ
751 4153 825 4231 ξύλα
845 4152 945 4237 χίζειν,
961 4159 995 4239 τῇ
1009 4155 1036 4216 δὲ
1050 4153 1128 4241 ἀξίνη
1142 4159 1190 4230 τὴν

148 4252 235 4341 θύραν
250 4253 366 4341 ἀνοίγειν
388 4255 566 4344 πειρώμενος,
584 4258 633 4318 idn
651 4259 738 4318 ἐκεῖνα
760 4253 855 4333 δίξειεν
877 4252 910 4318 ιίν
934 4255 1096 4349 ἐπηρεάζων,
1119 4257 1190 4322 eu·
