2692 4770
257 303 852 369 CONSOLAT.ADAPOLLON1UM.
867 323 897 384 p.
906 305 1017 367 ηαδ).
1098 313 1156 383 796

128 465 302 532 diemoth.
341 469 466 535 Catone
481 468 562 558 Maj.
586 493 619 557 p.
633 491 709 558 340.
724 472 772 536 B:
793 471 875 545 ·-ol5
895 472 931 534 έν
953 467 986 532 ἂν
1009 467 1159 548 bittinum

127 566 291 651 σνμέούλονς
301 571 457 657 χρῆσαθαν
471 575 534 635 κατ’
548 573 627 651 ἰδέαν,
643 575 692 638 tat
705 571 795 637 τέτων
808 578 843 649 εἰς
856 573 885 638 δν
898 571 1073 649 συνελθόντες
1085 569 1159 657 ἅγν-

127 674 178 734 θι·
202 671 309 758 quibus
335 674 529 761 unusquisque
545 675 666 764 scorstm
689 675 763 740 nolit
784 674 830 740 uti
847 673 1031 762 steasoribm,
1053 674 1093 739 ab
1114 675 1161 741 his

126 776 260 862 univerſs
271 778 408 842 inunum
430 781 602 869 congregati
616 781 684 845 duci
698 805 752 847 vos
784 782 877 845 mitis.
915 779 1022 846 Craffo
1038 804 1072 869 p.
1082 801 1159 868 549.

127 878 180 942 D:
203 882 259 952 τοῖς
273 882 396 960 ἄφες-ὦσι
411 879 458 962 καὶ
472 884 533 945 κατ’
552 881 619 946 ἰδέαν
631 881 843 969 ςρατιυομένσνς·
863 882 900 945 iis
914 881 1012 969 quise
1026 909 1046 946 a
1062 883 1159 970 Spar·
1254 928 1257 933 -

127 991 189 1043 loco
215 979 434 1068 disjunxerant,
455 994 483 1045 et
500 982 623 1069 scorfim
645 982 739 1070 eastra
762 983 963 1047 habebant—.
998 984 1101 1049 Arato
1124 1006 1159 1072 p.

130 1100 223 1167 1033.
240 1083 290 1146 C:
321 1086 350 1146 ot
371 1083 450 1165 μένον
473 1090 544 1170 κοινῇ
565 1085 721 1173 σύμπαντες
744 1090 768 1148 ol
786 1088 898 1165 τσλῑταν
920 1088 1004 1167 τιμὰς
1023 1085 1160 1151 ἀπέδοσαν

127 1187 202 1270 αὐτῷ
224 1184 380 1270 eptaticus,
402 1191 482 1250 ἀλλὰ
501 1188 549 1250 καὶ
567 1190 630 1251 κατ’
649 1187 716 1251 ἰδέαν
737 1193 761 1251 ol
780 1186 907 1272 φυγάδες·
932 1185 1030 1249 exules
1040 1187 1160 1272 senrſsm

127 1288 153 1353 ei
163 1288 302 1375 statuam
325 1291 491 1375 posuerunt,
513 1290 548 1353 id
568 1288 616 1376 est,
635 1290 801 1377 propriam,
823 1312 881 1353 non
902 1312 1075 1352 communem
1097 1313 1161 1355 euru

128 1389 249 1477 reliquis
264 1391 390 1454 civibus.
413 1391 475 1456 His
490 1391 647 1478 perpenfis
660 1390 883 1478 intelligimus,
899 1389 961 1454 hoc
975 1388 1049 1455 loco
1058 1389 1161 1457 valere

129 1492 212 1579 polle
227 1506 261 1557 et
273 1492 352 1557 duas
367 1493 437 1557 illas
452 1511 644 1559 memoratas
659 1492 914 1580 fignificationes,
920 1493 1040 1579 Jioofim
1054 1493 1115 1559 olio
1127 1494 1161 1559 in

128 1597 214 1678 libro,
238 1611 272 1663 et
292 1599 438 1685 privatim
452 1599 527 1664 libro
540 1623 597 1664 oron
612 1599 780 1685 vulgando,
796 1597 849 1663 scd
870 1598 997 1664 tertiam
1018 1622 1160 1688 quoque,
1263 1678 1268 1688 Ι

128 1701 242 1787 proprio
255 1700 287 1773 in
301 1700 377 1764 libro
392 1725 477 1786 quem
490 1701 548 1787 ipse
563 1700 616 1764 tibi
623 1700 768 1789 scribom.
798 1699 937 1764 Credam
951 1700 1162 1786 equidem-ct

129 1799 265 1884 primam
279 1812 312 1864 et
326 1798 474 1863 ultimam
493 1799 547 1863 hic
565 1798 680 1878 valere,
690 1799 813 1885 seorfim
836 1798 895 1862 alio
915 1799 947 1862 ia
968 1799 1057 1879 libro,
1077 1825 1162 1887 quern

129 1902 172 1964 od
185 1912 212 1964 te
231 1901 427 1988 conscribam:
448 1924 587 1987 eumque
610 1900 887 1965 Commentarium
908 1900 980 1980 else,
1002 1900 1090 1968 unde
1108 1903 1162 1971 illa

130 2016 279 2088 excerpta
294 2003 456 2089 supersint.
485 2003 629 2081 Verbum
643 2001 902 2084 ὑπομνηματίζνθα
915 2001 947 2065 iu
963 2001 1088 2069 Iaexicia
1099 2026 1161 2091 po.-

130 2104 221 2169 srtum
235 2103 366 2191 quidem
382 2127 440 2170 nec
455 2103 611 2189 exemplis
624 2102 798 2183 munitum,
812 2103 875 2169 hoc
891 2125 956 2168 uno
969 2105 1055 2192 apud
1070 2106 1162 2173 Plut-

130 2207 263 2271 archum
279 2206 352 2271 loco
366 2209 482 2271 exstat:
507 2222 540 2271 at
554 2207 809 2290 ὑπομνηματνσμδς,
831 2205 884 2271 De
905 2207 1047 2271 Fortuna
1067 2210 1161 2275 Rom.

131 2331 163 2394 p.
176 2310 253 2394 326.
269 2309 313 2373 A.
347 2309 400 2373 De
422 2311 508 2373 Fort.
524 2307 618 2374 Alex.
635 2310 662 2372 Ι.
682 2329 715 2395 p.
728 2309 805 2393 328.
820 2308 864 2372 A.
896 2309 1021 2372 Anton.
1036 2331 1069 2396 p.
1085 2328 1162 2397 922.

130 2411 184 2476 Dr
207 2409 427 2477 lamblichum
442 2409 511 2474 Vit.
529 2408 702 2497 Pythagor.
717 2410 751 2492 δ.
769 2429 842 2492 104.

175 2533 247 2580 120.
263 2512 307 2575 D.
330 2512 370 2575 Τδ
384 2512 470 2598 ragio
487 2511 662 2597 δδ-ἑταῐρον
675 2511 715 2596 δί]
741 2512 847 2576 Iocus
869 2509 910 2575 ad
931 2510 1066 2597 speciem
1088 2512 1162 2599 qui·

131 2614 204 2680 dem
220 2614 325 2691 sanus,
340 2612 551 2698 interpolatus
568 2627 675 2678 tamen
688 2634 709 2675 a
720 2611 865 2678 librariis.
901 2614 945 2677 A.
962 2613 1002 2678 C.
1016 2616 1055 2678 Ε.
1074 2614 1162 2683 vott.
1241 2678 1244 2683 .

132 2713 207 2780 Ald.
222 2713 294 2778 Bas.
308 2718 355 2777 Tol
376 2712 403 2775 δέ
425 2715 497 2798 ατρὸς
511 2715 542 2776 ri
560 2714 645 2797 ταρδν
663 2711 759 2799 migra
780 2738 811 2774 κ.
830 2737 885 2798 χρ.
899 2716 937 2775 τὰ
955 2711 1099 2799 λεχθέντα
1115 2716 1163 2779 tlt

131 2822 287 2898 Ἀθηναῖον,
311 2821 414 2906 ἑταῖρον
436 2817 481 2880 δέτ
511 2816 543 2880 in
566 2815 670 2901 priore
692 2831 794 2902 parte,
816 2821 853 2880 rol
875 2817 902 2879 di
922 2818 986 2902 τρδς
1005 2819 1037 2881 τδ
1056 2820 1163 2906 euplo,

132 2919 334 2985 consentiunt
355 2916 452 2982 etiam
476 2920 515 2981 Z.
532 2915 632 2980 Paria.
648 2916 725 3002 Xyl.
762 2916 795 2982 in
817 2915 928 2981 omisso
943 2919 1016 3005 πρὸς
1034 2936 1163 3005 quoque

131 3021 249 3087 Venet.
270 3032 304 3083 et
324 3019 362 3082 B.
386 3018 439 3082 hic
457 3017 586 3104 quidem
607 3016 717 3082 relicto
735 3038 836 3083 vacuo
857 3017 977 3103 spatio:
1003 3017 1043 3083 C.
1065 3019 1163 3085 etiam

132 3123 253 3188 omittit
272 3127 310 3186 rol
332 3121 400 3207 post
418 3121 563 3206 χρήσιμαι
587 3119 652 3206 orgis
673 3133 869 3183 annotarunt
889 3119 1022 3184 Januot.
1045 3136 1080 3186 et
1096 3122 1163 3185 Ex·

134 3225 230 3313 empl.
245 3223 399 3302 Tumebi,
419 3222 504 3287 unde
523 3221 628 3286 sumsit
642 3219 836 3306 Stephanus.
871 3220 1036 3306 Xylander
1054 3237 1093 3287 ut
1114 3221 1163 3287 le·

133 3326 275 3412 gendum
291 3323 417 3388 monuit
432 3322 463 3385 in
479 3320 762 3401 Annotationibua,
777 3343 835 3408 pro
857 3318 1001 3406 λνχδέντα
1013 3322 1060 3386 τδν
1072 3324 1164 3401 Ἀδη-

135 3433 204 3492 ναῐσν
224 3425 400 3514 legendum
423 3423 483 3488 elle
504 3422 648 3509 λεχθέντα
667 3426 740 3511 arole
753 3421 926 3486 Καλλικλέα
943 3422 990 3486 τδν
1006 3424 1165 3505 Ἀθηναῖον,

134 3531 178 3596 ita
197 3546 232 3594 et
250 3528 351 3594 edidit
370 3541 403 3592 ct
418 3525 522 3590 vertit.
559 3524 702 3611 Vulgata
721 3524 852 3611 quidem
874 3524 913 3588 fic
935 3522 1038 3609 accipi
1056 3524 1163 3610 pollata

28 3652 31 3659 '
137 3634 225 3720 Quod
238 3633 281 3696 ad
292 3632 417 3718 praescns
432 3642 543 3716 tempus
562 3629 680 3707 attinet,
695 3640 857 3716 opportuna
869 3631 946 3715 sunt
964 3641 992 3691 et
1012 3629 1104 3693 utilio
1116 3654 1165 3711 ea,

133 3760 200 3823 quae
214 3734 298 3822 apud
312 3732 467 3796 Platonem
481 3730 621 3794 dicuntur
635 3731 678 3792 ad
690 3730 894 3818 Athenienjim
905 3728 1041 3818 sodalem
1055 3755 1092 3795 ae
1103 3732 1166 3819 dff-

136 3838 262 3926 cipulum
281 3835 417 3922 Gorgiae.
446 3832 510 3898 sed
524 3832 598 3918 quia
614 3833 742 3919 vulgata
756 3854 868 3917 parum
883 3832 980 3898 habet
994 3834 1166 3900 audierim·

135 3938 174 4003 tia
194 3962 214 4004 a
235 3936 324 4001 libris
344 3933 478 4019 scriptis,
494 3947 606 4018 putem
622 3948 758 3997 veterem
772 3930 943 3996 lectionem
957 3932 1168 4001 revocandam

135 4056 165 4107 et
179 4042 225 4106 ita
240 4037 449 4125 supplendam
462 4037 544 4102 elle:
566 4041 614 4100 Tol
627 4037 653 4099 li
667 4037 741 4124 στςδς
761 4036 794 4098 τδ
813 4037 898 4120 παρὸν
912 4033 1007 4123 aalma
1025 4032 1071 4101 aul
1088 4037 1167 4124 χή-

135 4169 206 4228 cupa
226 4141 437 4229 ταςαδῆσομαν,
460 4144 497 4204 τὰ
518 4137 660 4225 λεχθέντα
680 4138 753 4225 orgis
773 4137 818 4200 τδν
835 4137 980 4215 Ἀθηναῖον
1000 4141 1105 4227 έταῖςον
1122 4138 1168 4219 ηδ
