<?xml version="1.0" encoding="UTF-8"?>
<!DOCTYPE html PUBLIC "-//W3C//DTD XHTML 1.0 Transitional//EN"
    "http://www.w3.org/TR/xhtml1/DTD/xhtml1-transitional.dtd">
<html xmlns="http://www.w3.org/1999/xhtml" xml:lang="en" lang="en">
 <head>
  <title>
</title>
<meta http-equiv="Content-Type" content="text/html;charset=utf-8" />
  <meta name='ocr-system' content='tesseract 3.04.00' />
  <meta name='ocr-capabilities' content='ocr_page ocr_carea ocr_par ocr_line ocrx_word'/>
</head>
<body>
  <div class='ocr_page' id='page_1' title='image "./plutarchichaero01plutgoog_0533.png"; bbox 0 0 2692 4770; ppageno 0'>
   <div class='ocr_carea' id='block_1_1' title="bbox 237 311 1069 384">
    <p class='ocr_par' dir='ltr' id='par_1_1' title="bbox 237 311 1069 384">
     <span class='ocr_line' id='line_1_1' title="bbox 237 311 1069 384; baseline 0.001 -14"><span class='ocrx_word' id='word_1_1' title='bbox 237 319 314 384; x_wconf 78' lang='lat'>¹07²</span> <span class='ocrx_word' id='word_1_2' title='bbox 423 313 463 375; x_wconf 88' lang='lat' dir='ltr'><strong>D.</strong></span> <span class='ocrx_word' id='word_1_3' title='bbox 475 313 528 372; x_wconf 87' lang='lat' dir='ltr'><strong>W.</strong></span> <span class='ocrx_word' id='word_1_4' title='bbox 547 312 756 373; x_wconf 82' lang='lat' dir='ltr'><strong>ANIMADV.</strong></span> <span class='ocrx_word' id='word_1_5' title='bbox 776 313 823 373; x_wconf 92' lang='lat' dir='ltr'><strong>IN</strong></span> <span class='ocrx_word' id='word_1_6' title='bbox 843 311 1069 372; x_wconf 86' lang='lat' dir='ltr'><strong>PLUTARCHI</strong></span> 
     </span>
    </p>
   </div>
   <div class='ocr_carea' id='block_1_2' title="bbox 228 467 1270 1248">
    <p class='ocr_par' dir='ltr' id='par_1_2' title="bbox 228 467 1270 1248">
     <span class='ocr_line' id='line_1_2' title="bbox 233 467 1270 563; baseline -0.001 -26"><span class='ocrx_word' id='word_1_7' title='bbox 233 472 273 537; x_wconf 89' lang='lat' dir='ltr'><strong>B.</strong></span> <span class='ocrx_word' id='word_1_8' title='bbox 289 487 323 538; x_wconf 92' lang='lat' dir='ltr'><strong>et</strong></span> <span class='ocrx_word' id='word_1_9' title='bbox 336 475 387 539; x_wconf 93' lang='lat' dir='ltr'><strong>De</strong></span> <span class='ocrx_word' id='word_1_10' title='bbox 403 474 534 549; x_wconf 85' lang='lat' dir='ltr'><strong>Fortun.</strong></span> <span class='ocrx_word' id='word_1_11' title='bbox 549 474 642 541; x_wconf 87' lang='lat' dir='ltr'><strong>Alex.</strong></span> <span class='ocrx_word' id='word_1_12' title='bbox 658 497 691 563; x_wconf 88' lang='lat' dir='ltr'><strong>p.</strong></span> <span class='ocrx_word' id='word_1_13' title='bbox 703 495 777 561; x_wconf 84' lang='lat'><strong>339.</strong></span> <span class='ocrx_word' id='word_1_14' title='bbox 793 475 842 540; x_wconf 84' lang='lat' dir='ltr'><strong>C:</strong></span> <span class='ocrx_word' id='word_1_15' title='bbox 866 474 969 560; x_wconf 84' lang='lat' dir='ltr'><strong>priore</strong></span> <span class='ocrx_word' id='word_1_16' title='bbox 984 474 1056 538; x_wconf 91' lang='lat' dir='ltr'><strong>loco</strong></span> <span class='ocrx_word' id='word_1_17' title='bbox 1069 493 1191 538; x_wconf 90' lang='lat' dir='ltr'><strong>nomen</strong></span> <span class='ocrx_word' id='word_1_18' title='bbox 1207 467 1270 537; x_wconf 81' lang='lat' dir='ltr'><strong>viri</strong></span> 
     </span>
     <span class='ocr_line' id='line_1_3' title="bbox 233 573 1270 664; baseline -0.001 -24"><span class='ocrx_word' id='word_1_19' title='bbox 233 575 339 641; x_wconf 86' lang='lat' dir='ltr'><strong>editur</strong></span> <span class='ocrx_word' id='word_1_20' title='bbox 360 577 521 664; x_wconf 70' lang='grc' dir='ltr'><strong><em>Εὐρύλοχος</em></strong></span> <span class='ocrx_word' id='word_1_21' title='bbox 538 581 665 662; x_wconf 77' lang='grc' dir='ltr'><strong><em>Αἰγαῖος</em></strong></span> <span class='ocrx_word' id='word_1_22' title='bbox 683 577 740 663; x_wconf 92' lang='lat' dir='ltr'><strong>qui</strong></span> <span class='ocrx_word' id='word_1_23' title='bbox 759 599 799 643; x_wconf 86' lang='lat' dir='ltr'><strong>an</strong></span> <span class='ocrx_word' id='word_1_24' title='bbox 822 577 907 642; x_wconf 89' lang='lat' dir='ltr'><strong>idem</strong></span> <span class='ocrx_word' id='word_1_25' title='bbox 926 578 973 654; x_wconf 82' lang='lat' dir='ltr'><strong>fit,</strong></span> <span class='ocrx_word' id='word_1_26' title='bbox 996 576 1050 663; x_wconf 94' lang='lat' dir='ltr'><strong>qui</strong></span> <span class='ocrx_word' id='word_1_27' title='bbox 1072 573 1270 659; x_wconf 62' lang='lat' dir='ltr'><strong>Eumlocbm</strong></span> 
     </span>
     <span class='ocr_line' id='line_1_4' title="bbox 231 676 1268 765; baseline -0.002 -23"><span class='ocrx_word' id='word_1_28' title='bbox 231 676 369 743; x_wconf 87' lang='lat' dir='ltr'><strong>Arriano</strong></span> <span class='ocrx_word' id='word_1_29' title='bbox 384 693 578 744; x_wconf 83' lang='lat' dir='ltr'><strong>memoratus</strong></span> <span class='ocrx_word' id='word_1_30' title='bbox 594 681 652 745; x_wconf 91' lang='lat' dir='ltr'><strong>IV.</strong></span> <span class='ocrx_word' id='word_1_31' title='bbox 671 699 721 765; x_wconf 85' lang='lat'><strong>13.</strong></span> <span class='ocrx_word' id='word_1_32' title='bbox 735 692 769 744; x_wconf 88' lang='lat' dir='ltr'><strong>et</strong></span> <span class='ocrx_word' id='word_1_33' title='bbox 783 679 897 745; x_wconf 89' lang='lat' dir='ltr'><strong>Curtio</strong></span> <span class='ocrx_word' id='word_1_34' title='bbox 910 679 1006 744; x_wconf 92' lang='lat' dir='ltr'><strong>Vlll.</strong></span> <span class='ocrx_word' id='word_1_35' title='bbox 1016 681 1047 742; x_wconf 89' lang='lat'><strong>6.</strong></span> <span class='ocrx_word' id='word_1_36' title='bbox 1064 700 1127 741; x_wconf 91' lang='lat' dir='ltr'><strong>non</strong></span> <span class='ocrx_word' id='word_1_37' title='bbox 1144 677 1268 741; x_wconf 77' lang='lat' dir='ltr'><strong>statuo.</strong></span> 
     </span>
     <span class='ocr_line' id='line_1_5' title="bbox 231 776 1267 865; baseline 0 -26"><span class='ocrx_word' id='word_1_38' title='bbox 231 776 392 865; x_wconf 77' lang='lat' dir='ltr'><strong>Antigenis</strong></span> <span class='ocrx_word' id='word_1_39' title='bbox 404 778 525 843; x_wconf 84' lang='lat' dir='ltr'><strong>clarum</strong></span> <span class='ocrx_word' id='word_1_40' title='bbox 540 780 583 843; x_wconf 86' lang='lat' dir='ltr'><strong>est</strong></span> <span class='ocrx_word' id='word_1_41' title='bbox 598 800 715 844; x_wconf 92' lang='lat' dir='ltr'><strong>nomen</strong></span> <span class='ocrx_word' id='word_1_42' title='bbox 730 779 812 844; x_wconf 88' lang='lat' dir='ltr'><strong>inter</strong></span> <span class='ocrx_word' id='word_1_43' title='bbox 831 778 1006 844; x_wconf 81' lang='lat' dir='ltr'>Alexandri</span> <span class='ocrx_word' id='word_1_44' title='bbox 1019 778 1129 855; x_wconf 78' lang='lat' dir='ltr'><strong>duces,</strong></span> <span class='ocrx_word' id='word_1_45' title='bbox 1146 789 1182 840; x_wconf 92' lang='lat' dir='ltr'><strong>et</strong></span> <span class='ocrx_word' id='word_1_46' title='bbox 1199 799 1267 840; x_wconf 92' lang='lat' dir='ltr'><strong>nu-</strong></span> 
     </span>
     <span class='ocr_line' id='line_1_6' title="bbox 231 877 1268 966; baseline -0.001 -24"><span class='ocrx_word' id='word_1_47' title='bbox 231 892 371 944; x_wconf 86' lang='lat' dir='ltr'><strong>meratur</strong></span> <span class='ocrx_word' id='word_1_48' title='bbox 383 881 423 944; x_wconf 89' lang='lat' dir='ltr'><strong>ab</strong></span> <span class='ocrx_word' id='word_1_49' title='bbox 438 880 560 946; x_wconf 88' lang='lat' dir='ltr'><strong>Justino</strong></span> <span class='ocrx_word' id='word_1_50' title='bbox 573 879 606 945; x_wconf 92' lang='lat' dir='ltr'><strong>in</strong></span> <span class='ocrx_word' id='word_1_51' title='bbox 621 879 671 960; x_wconf 84' lang='lat' dir='ltr'>iis,</span> <span class='ocrx_word' id='word_1_52' title='bbox 686 902 766 966; x_wconf 83' lang='lat' dir='ltr'><strong>quoa</strong></span> <span class='ocrx_word' id='word_1_53' title='bbox 780 879 833 945; x_wconf 91' lang='lat' dir='ltr'><strong>ille</strong></span> <span class='ocrx_word' id='word_1_54' title='bbox 848 879 936 945; x_wconf 83' lang='lat' dir='ltr'><strong>senes</strong></span> <span class='ocrx_word' id='word_1_55' title='bbox 948 879 980 942; x_wconf 91' lang='lat' dir='ltr'><strong>in</strong></span> <span class='ocrx_word' id='word_1_56' title='bbox 995 879 1128 966; x_wconf 85' lang='lat' dir='ltr'><strong>patriam</strong></span> <span class='ocrx_word' id='word_1_57' title='bbox 1143 877 1268 942; x_wconf 82' lang='lat' dir='ltr'><strong>dimisit</strong></span> 
     </span>
     <span class='ocr_line' id='line_1_7' title="bbox 229 977 1265 1066; baseline -0.003 -23"><span class='ocrx_word' id='word_1_58' title='bbox 229 979 309 1044; x_wconf 91' lang='lat' dir='ltr'><strong>XII.</strong></span> <span class='ocrx_word' id='word_1_59' title='bbox 324 1000 374 1047; x_wconf 89' lang='grc'><strong>11.</strong></span> <span class='ocrx_word' id='word_1_60' title='bbox 397 979 586 1047; x_wconf 83' lang='lat' dir='ltr'>Plutarchus</span> <span class='ocrx_word' id='word_1_61' title='bbox 600 980 668 1046; x_wconf 92' lang='lat' dir='ltr'><strong>Vit.</strong></span> <span class='ocrx_word' id='word_1_62' title='bbox 680 980 774 1045; x_wconf 89' lang='lat' dir='ltr'>Alex.</span> <span class='ocrx_word' id='word_1_63' title='bbox 789 1002 823 1066; x_wconf 91' lang='lat' dir='ltr'><strong>p.</strong></span> <span class='ocrx_word' id='word_1_64' title='bbox 836 997 910 1064; x_wconf 82' lang='lat'><strong>703.</strong></span> <span class='ocrx_word' id='word_1_65' title='bbox 923 982 958 1045; x_wconf 87' lang='lat' dir='ltr'><strong>F.</strong></span> <span class='ocrx_word' id='word_1_66' title='bbox 973 979 1154 1064; x_wconf 80' lang='lat' dir='ltr'><strong>Antigmem</strong></span> <span class='ocrx_word' id='word_1_67' title='bbox 1169 977 1265 1064; x_wconf 68' lang='grc' dir='ltr'><strong>ὑπερί-</strong></span> 
     </span>
     <span class='ocr_line' id='line_1_8' title="bbox 228 1079 1264 1165; baseline -0.002 -21"><span class='ocrx_word' id='word_1_68' title='bbox 228 1083 363 1165; x_wconf 73' lang='grc' dir='ltr'><strong><em>φίαλμον,</em></strong></span> <span class='ocrx_word' id='word_1_69' title='bbox 385 1081 418 1146; x_wconf 92' lang='lat' dir='ltr'><strong>in</strong></span> <span class='ocrx_word' id='word_1_70' title='bbox 440 1081 543 1146; x_wconf 85' lang='lat' dir='ltr'><strong>caussa</strong></span> <span class='ocrx_word' id='word_1_71' title='bbox 564 1081 652 1146; x_wconf 85' lang='lat' dir='ltr'><strong>haud</strong></span> <span class='ocrx_word' id='word_1_72' title='bbox 672 1080 808 1146; x_wconf 82' lang='lat' dir='ltr'><strong>diffimili</strong></span> <span class='ocrx_word' id='word_1_73' title='bbox 829 1103 1021 1161; x_wconf 82' lang='lat' dir='ltr'><strong>memorans,</strong></span> <span class='ocrx_word' id='word_1_74' title='bbox 1044 1080 1132 1144; x_wconf 91' lang='lat' dir='ltr'><strong>hunc</strong></span> <span class='ocrx_word' id='word_1_75' title='bbox 1154 1079 1264 1165; x_wconf 75' lang='lat' dir='ltr'><strong>Ipsum</strong></span> 
     </span>
     <span class='ocr_line' id='line_1_9' title="bbox 229 1181 1070 1248; baseline -0.001 -1"><span class='ocrx_word' id='word_1_76' title='bbox 229 1182 335 1247; x_wconf 87' lang='lat' dir='ltr'>dicere</span> <span class='ocrx_word' id='word_1_77' title='bbox 347 1183 482 1248; x_wconf 88' lang='lat' dir='ltr'><strong>videtur.</strong></span> <span class='ocrx_word' id='word_1_78' title='bbox 1067 1181 1070 1187; x_wconf 74' lang='grc'>’</span> 
     </span>
    </p>
   </div>
   <div class='ocr_carea' id='block_1_3' title="bbox 228 1284 1264 1583">
    <p class='ocr_par' dir='ltr' id='par_1_3' title="bbox 228 1284 1264 1583">
     <span class='ocr_line' id='line_1_10' title="bbox 271 1284 1264 1372; baseline 0.001 -23"><span class='ocrx_word' id='word_1_79' title='bbox 271 1306 304 1371; x_wconf 87' lang='lat' dir='ltr'><strong>p.</strong></span> <span class='ocrx_word' id='word_1_80' title='bbox 322 1285 394 1349; x_wconf 92' lang='lat'>181.</span> <span class='ocrx_word' id='word_1_81' title='bbox 409 1286 448 1350; x_wconf 90' lang='lat' dir='ltr'><strong>B.</strong></span> <span class='ocrx_word' id='word_1_82' title='bbox 470 1285 531 1372; x_wconf 55' lang='grc' dir='ltr'><strong>κγ.</strong></span> <span class='ocrx_word' id='word_1_83' title='bbox 549 1292 612 1350; x_wconf 77' lang='grc' dir='ltr'><strong>Τῶν</strong></span> <span class='ocrx_word' id='word_1_84' title='bbox 626 1288 654 1350; x_wconf 72' lang='lat' dir='ltr'><strong>ll</strong></span> <span class='ocrx_word' id='word_1_85' title='bbox 666 1289 809 1372; x_wconf 75' lang='grc' dir='ltr'><strong><em>Ἰνδῶν-]</em></strong></span> <span class='ocrx_word' id='word_1_86' title='bbox 842 1286 906 1351; x_wconf 82' lang='grc' dir='ltr'><strong>Ηὶσ</strong></span> <span class='ocrx_word' id='word_1_87' title='bbox 930 1285 1020 1350; x_wconf 85' lang='lat' dir='ltr'><strong>locus</strong></span> <span class='ocrx_word' id='word_1_88' title='bbox 1042 1286 1108 1350; x_wconf 88' lang='lat' dir='ltr'><strong>fere</strong></span> <span class='ocrx_word' id='word_1_89' title='bbox 1128 1284 1171 1350; x_wconf 87' lang='lat' dir='ltr'><strong>ad</strong></span> <span class='ocrx_word' id='word_1_90' title='bbox 1190 1308 1264 1350; x_wconf 87' lang='lat' dir='ltr'><strong>ver·</strong></span> 
     </span>
     <span class='ocr_line' id='line_1_11' title="bbox 228 1385 1264 1473; baseline 0.001 -22"><span class='ocrx_word' id='word_1_91' title='bbox 228 1386 306 1451; x_wconf 92' lang='lat' dir='ltr'><strong>bum</strong></span> <span class='ocrx_word' id='word_1_92' title='bbox 321 1385 497 1473; x_wconf 80' lang='lat' dir='ltr'><strong>descriptus</strong></span> <span class='ocrx_word' id='word_1_93' title='bbox 511 1389 608 1453; x_wconf 76' lang='lat' dir='ltr'><strong>exstat</strong></span> <span class='ocrx_word' id='word_1_94' title='bbox 628 1388 659 1452; x_wconf 90' lang='lat' dir='ltr'><strong>in</strong></span> <span class='ocrx_word' id='word_1_95' title='bbox 679 1387 852 1453; x_wconf 76' lang='lat' dir='ltr'>Sententiis</span> <span class='ocrx_word' id='word_1_96' title='bbox 873 1390 907 1452; x_wconf 90' lang='lat' dir='ltr'><strong>S.</strong></span> <span class='ocrx_word' id='word_1_97' title='bbox 924 1387 1060 1451; x_wconf 87' lang='lat' dir='ltr'><strong>Maximi</strong></span> <span class='ocrx_word' id='word_1_98' title='bbox 1081 1401 1116 1451; x_wconf 93' lang='lat' dir='ltr'><strong>et</strong></span> <span class='ocrx_word' id='word_1_99' title='bbox 1136 1389 1172 1452; x_wconf 92' lang='lat' dir='ltr'><strong>S.</strong></span> <span class='ocrx_word' id='word_1_100' title='bbox 1186 1388 1264 1452; x_wconf 85' lang='lat' dir='ltr'><strong>An-</strong></span> 
     </span>
     <span class='ocr_line' id='line_1_12' title="bbox 228 1484 1264 1583; baseline -0.001 -32"><span class='ocrx_word' id='word_1_101' title='bbox 228 1484 308 1551; x_wconf 90' lang='lat' dir='ltr'><strong>tonii</strong></span> <span class='ocrx_word' id='word_1_102' title='bbox 329 1508 362 1573; x_wconf 91' lang='lat' dir='ltr'><strong>p.</strong></span> <span class='ocrx_word' id='word_1_103' title='bbox 377 1489 454 1574; x_wconf 81' lang='lat'><strong>569.</strong></span> <span class='ocrx_word' id='word_1_104' title='bbox 476 1488 554 1553; x_wconf 88' lang='lat' dir='ltr'><strong>edit.</strong></span> <span class='ocrx_word' id='word_1_105' title='bbox 572 1490 663 1554; x_wconf 92' lang='lat' dir='ltr'><strong>Stob.</strong></span> <span class='ocrx_word' id='word_1_106' title='bbox 681 1487 832 1554; x_wconf 89' lang='lat' dir='ltr'><strong>Wechel.</strong></span> <span class='ocrx_word' id='word_1_107' title='bbox 855 1487 911 1553; x_wconf 93' lang='lat' dir='ltr'><strong>ubi</strong></span> <span class='ocrx_word' id='word_1_108' title='bbox 932 1487 1050 1574; x_wconf 80' lang='lat' dir='ltr'><strong>legitur</strong></span> <span class='ocrx_word' id='word_1_109' title='bbox 1071 1488 1264 1583; x_wconf 64' lang='grc' dir='ltr'><strong><em>ἁπαχίμυος,</em></strong></span> 
     </span>
    </p>
   </div>
   <div class='ocr_carea' id='block_1_4' title="bbox 228 1587 1264 1777">
    <p class='ocr_par' dir='ltr' id='par_1_4' title="bbox 228 1587 1264 1777">
     <span class='ocr_line' id='line_1_13' title="bbox 229 1587 1262 1678; baseline 0.004 -26"><span class='ocrx_word' id='word_1_110' title='bbox 229 1609 287 1674; x_wconf 85' lang='lat' dir='ltr'><strong>pto</strong></span> <span class='ocrx_word' id='word_1_111' title='bbox 301 1589 445 1674; x_wconf 74' lang='grc' dir='ltr'><strong><em>ἀγόμενος.</em></strong></span> <span class='ocrx_word' id='word_1_112' title='bbox 482 1592 565 1655; x_wconf 84' lang='lat' dir='ltr'>Item</span> <span class='ocrx_word' id='word_1_113' title='bbox 578 1591 703 1674; x_wconf 75' lang='grc' dir='ltr'><strong><em>-ίλιγε</em></strong></span> <span class='ocrx_word' id='word_1_114' title='bbox 715 1593 788 1676; x_wconf 71' lang='grc' dir='ltr'><strong>πρὸς</strong></span> <span class='ocrx_word' id='word_1_115' title='bbox 801 1590 862 1664; x_wconf 81' lang='grc' dir='ltr'><strong><em>τοὺς</em></strong></span> <span class='ocrx_word' id='word_1_116' title='bbox 875 1587 1007 1674; x_wconf 71' lang='grc' dir='ltr'><strong><em>ἄγοντας,</em></strong></span> <span class='ocrx_word' id='word_1_117' title='bbox 1023 1587 1064 1653; x_wconf 69' lang='grc' dir='ltr'><strong>ὅτι</strong></span> <span class='ocrx_word' id='word_1_118' title='bbox 1077 1591 1171 1665; x_wconf 71' lang='grc' dir='ltr'><strong><em>πολὺς</em></strong></span> <span class='ocrx_word' id='word_1_119' title='bbox 1183 1589 1262 1678; x_wconf 65' lang='lat' dir='ltr'><strong>xps·</strong></span> 
     </span>
     <span class='ocr_line' id='line_1_14' title="bbox 228 1689 1264 1777; baseline 0.003 -24"><span class='ocrx_word' id='word_1_120' title='bbox 228 1715 269 1764; x_wconf 83' lang='grc' dir='ltr'><strong>νος</strong></span> <span class='ocrx_word' id='word_1_121' title='bbox 284 1692 338 1763; x_wconf 67' lang='lat' dir='ltr'><strong>ifle</strong></span> <span class='ocrx_word' id='word_1_122' title='bbox 352 1695 398 1774; x_wconf 72' lang='grc' dir='ltr'><strong>ἀφ’</strong></span> <span class='ocrx_word' id='word_1_123' title='bbox 413 1690 442 1754; x_wconf 81' lang='grc' dir='ltr'><strong>οὗ</strong></span> <span class='ocrx_word' id='word_1_124' title='bbox 463 1691 504 1754; x_wconf 79' lang='lat' dir='ltr'><strong>inl</strong></span> <span class='ocrx_word' id='word_1_125' title='bbox 524 1697 622 1777; x_wconf 74' lang='grc' dir='ltr'><strong><em>χεῖρας</em></strong></span> <span class='ocrx_word' id='word_1_126' title='bbox 643 1692 720 1770; x_wconf 71' lang='grc' dir='ltr'><strong><em>τόξον</em></strong></span> <span class='ocrx_word' id='word_1_127' title='bbox 738 1696 787 1755; x_wconf 78' lang='grc' dir='ltr'><strong>οὐκ</strong></span> <span class='ocrx_word' id='word_1_128' title='bbox 802 1689 911 1771; x_wconf 64' lang='grc' dir='ltr'><strong><em>ἔλαθεν,</em></strong></span> <span class='ocrx_word' id='word_1_129' title='bbox 927 1689 973 1770; x_wconf 64' lang='grc' dir='ltr'><strong><em>καί</em></strong></span> <span class='ocrx_word' id='word_1_130' title='bbox 985 1695 1016 1754; x_wconf 80' lang='grc' dir='ltr'><strong>τὸ</strong></span> <span class='ocrx_word' id='word_1_131' title='bbox 1031 1696 1182 1776; x_wconf 54' lang='lat' dir='ltr'><strong>vitono&amp;</strong></span> <span class='ocrx_word' id='word_1_132' title='bbox 1196 1697 1264 1773; x_wconf 69' lang='grc' dir='ltr'><strong>ὂφο·</strong></span> 
     </span>
    </p>
   </div>
   <div class='ocr_carea' id='block_1_5' title="bbox 87 1787 1262 1879">
    <p class='ocr_par' dir='ltr' id='par_1_5' title="bbox 87 1787 1262 1879">
     <span class='ocr_line' id='line_1_15' title="bbox 87 1787 1262 1879; baseline 0.005 -24"><span class='ocrx_word' id='word_1_133' title='bbox 87 1852 92 1863; x_wconf 83' lang='grc'>,</span> <span class='ocrx_word' id='word_1_134' title='bbox 228 1787 307 1869; x_wconf 56' lang='lat' dir='ltr'><strong>fist-ln·</strong></span> <span class='ocrx_word' id='word_1_135' title='bbox 331 1791 453 1867; x_wconf 66' lang='grc' dir='ltr'><strong><em>ἀκούσας</em></strong></span> <span class='ocrx_word' id='word_1_136' title='bbox 464 1800 556 1856; x_wconf 79' lang='grc' dir='ltr'><strong><em>ταῦτα</em></strong></span> <span class='ocrx_word' id='word_1_137' title='bbox 570 1793 802 1879; x_wconf 72' lang='grc' dir='ltr'><strong>Ἀλέξανδρος-.</strong></span> <span class='ocrx_word' id='word_1_138' title='bbox 840 1792 993 1857; x_wconf 89' lang='lat' dir='ltr'><strong>Indorum</strong></span> <span class='ocrx_word' id='word_1_139' title='bbox 1005 1793 1145 1858; x_wconf 76' lang='lat' dir='ltr'><strong>studium</strong></span> <span class='ocrx_word' id='word_1_140' title='bbox 1160 1809 1195 1860; x_wconf 81' lang='lat' dir='ltr'><strong>et</strong></span> <span class='ocrx_word' id='word_1_141' title='bbox 1207 1796 1262 1861; x_wconf 89' lang='lat' dir='ltr'><strong>so·</strong></span> 
     </span>
    </p>
   </div>
   <div class='ocr_carea' id='block_1_6' title="bbox 224 1888 1266 4214">
    <p class='ocr_par' dir='ltr' id='par_1_6' title="bbox 227 1888 1262 2181">
     <span class='ocr_line' id='line_1_16' title="bbox 227 1888 1262 1981; baseline 0.006 -28"><span class='ocrx_word' id='word_1_142' title='bbox 227 1888 353 1954; x_wconf 87' lang='lat' dir='ltr'><strong>lertiam</strong></span> <span class='ocrx_word' id='word_1_143' title='bbox 372 1894 416 1954; x_wconf 77' lang='lat' dir='ltr'><strong>lul</strong></span> <span class='ocrx_word' id='word_1_144' title='bbox 435 1890 572 1974; x_wconf 67' lang='grc' dir='ltr'><strong><em>σφενδόνης</em></strong></span> <span class='ocrx_word' id='word_1_145' title='bbox 589 1895 715 1971; x_wconf 64' lang='lat' dir='ltr'><strong>rafaim</strong></span> <span class='ocrx_word' id='word_1_146' title='bbox 729 1891 836 1978; x_wconf 85' lang='lat' dir='ltr'>prodit</span> <span class='ocrx_word' id='word_1_147' title='bbox 851 1891 1053 1975; x_wconf 67' lang='lat' dir='ltr'><strong>Philostratus</strong></span> <span class='ocrx_word' id='word_1_148' title='bbox 1066 1892 1136 1958; x_wconf 90' lang='lat' dir='ltr'><strong>Vit.</strong></span> <span class='ocrx_word' id='word_1_149' title='bbox 1152 1893 1262 1981; x_wconf 82' lang='lat' dir='ltr'><strong>Apol·</strong></span> 
     </span>
     <span class='ocr_line' id='line_1_17' title="bbox 227 1992 1261 2081; baseline 0.002 -25"><span class='ocrx_word' id='word_1_150' title='bbox 227 1992 295 2057; x_wconf 92' lang='lat' dir='ltr'><strong>lon.</strong></span> <span class='ocrx_word' id='word_1_151' title='bbox 320 1994 365 2058; x_wconf 93' lang='lat'><strong>11.</strong></span> <span class='ocrx_word' id='word_1_152' title='bbox 387 2014 437 2079; x_wconf 90' lang='lat'><strong>19.</strong></span> <span class='ocrx_word' id='word_1_153' title='bbox 460 2015 493 2079; x_wconf 90' lang='lat' dir='ltr'><strong>p.</strong></span> <span class='ocrx_word' id='word_1_154' title='bbox 510 1994 562 2057; x_wconf 90' lang='lat'><strong>81.</strong></span> <span class='ocrx_word' id='word_1_155' title='bbox 585 1993 677 2080; x_wconf 88' lang='lat' dir='ltr'><strong>cujus</strong></span> <span class='ocrx_word' id='word_1_156' title='bbox 698 1994 807 2058; x_wconf 88' lang='lat' dir='ltr'><strong>locum</strong></span> <span class='ocrx_word' id='word_1_157' title='bbox 827 1994 1029 2081; x_wconf 82' lang='lat' dir='ltr'><strong>exposuimus</strong></span> <span class='ocrx_word' id='word_1_158' title='bbox 1050 1993 1083 2058; x_wconf 91' lang='lat' dir='ltr'><strong>in</strong></span> <span class='ocrx_word' id='word_1_159' title='bbox 1102 1993 1261 2061; x_wconf 88' lang='lat' dir='ltr'><strong>Biblioth.</strong></span> 
     </span>
     <span class='ocr_line' id='line_1_18' title="bbox 228 2093 741 2181; baseline -0.004 -21"><span class='ocrx_word' id='word_1_160' title='bbox 228 2093 313 2160; x_wconf 89' lang='lat' dir='ltr'><strong>Crit.</strong></span> <span class='ocrx_word' id='word_1_161' title='bbox 327 2095 404 2160; x_wconf 93' lang='lat' dir='ltr'><strong>Vol.</strong></span> <span class='ocrx_word' id='word_1_162' title='bbox 419 2096 482 2159; x_wconf 91' lang='lat'><strong>111.</strong></span> <span class='ocrx_word' id='word_1_163' title='bbox 501 2096 582 2158; x_wconf 84' lang='lat' dir='ltr'><strong>Part.</strong></span> <span class='ocrx_word' id='word_1_164' title='bbox 599 2097 627 2158; x_wconf 94' lang='grc' dir='ltr'><strong>Ι.</strong></span> <span class='ocrx_word' id='word_1_165' title='bbox 643 2116 675 2181; x_wconf 93' lang='lat' dir='ltr'><strong>p.</strong></span> <span class='ocrx_word' id='word_1_166' title='bbox 689 2112 741 2179; x_wconf 86' lang='grc'><strong>71.</strong></span> 
     </span>
    </p>

    <p class='ocr_par' dir='ltr' id='par_1_7' title="bbox 226 2190 1261 2486">
     <span class='ocr_line' id='line_1_19' title="bbox 273 2190 1260 2282; baseline 0.003 -22"><span class='ocrx_word' id='word_1_167' title='bbox 273 2196 345 2260; x_wconf 88' lang='grc'><strong>181.</strong></span> <span class='ocrx_word' id='word_1_168' title='bbox 362 2197 403 2262; x_wconf 89' lang='lat' dir='ltr'><strong>C.</strong></span> <span class='ocrx_word' id='word_1_169' title='bbox 426 2194 479 2260; x_wconf 81' lang='grc' dir='ltr'><strong>κδ’.</strong></span> <span class='ocrx_word' id='word_1_170' title='bbox 500 2190 579 2260; x_wconf 68' lang='lat' dir='ltr'><strong>’me</strong></span> <span class='ocrx_word' id='word_1_171' title='bbox 603 2197 631 2260; x_wconf 74' lang='lat' dir='ltr'><strong>li</strong></span> <span class='ocrx_word' id='word_1_172' title='bbox 653 2196 791 2280; x_wconf 72' lang='grc' dir='ltr'><strong><em>Ταξίλης]</em></strong></span> <span class='ocrx_word' id='word_1_173' title='bbox 824 2198 901 2261; x_wconf 91' lang='lat' dir='ltr'><strong>Huc</strong></span> <span class='ocrx_word' id='word_1_174' title='bbox 924 2196 1062 2282; x_wconf 83' lang='lat' dir='ltr'><strong>pertinet</strong></span> <span class='ocrx_word' id='word_1_175' title='bbox 1083 2199 1187 2262; x_wconf 87' lang='lat' dir='ltr'><strong>sermo</strong></span> <span class='ocrx_word' id='word_1_176' title='bbox 1207 2199 1260 2264; x_wconf 83' lang='lat' dir='ltr'><strong>A.</strong></span> 
     </span>
     <span class='ocr_line' id='line_1_20' title="bbox 227 2296 1261 2387; baseline 0.004 -25"><span class='ocrx_word' id='word_1_177' title='bbox 227 2296 368 2362; x_wconf 84' lang='lat' dir='ltr'><strong>lexandri</strong></span> <span class='ocrx_word' id='word_1_178' title='bbox 381 2319 457 2363; x_wconf 90' lang='lat' dir='ltr'><strong>cum</strong></span> <span class='ocrx_word' id='word_1_179' title='bbox 470 2298 578 2363; x_wconf 86' lang='lat' dir='ltr'><strong>Taxile</strong></span> <span class='ocrx_word' id='word_1_180' title='bbox 601 2311 745 2363; x_wconf 75' lang='lat' dir='ltr'><strong>narratus</strong></span> <span class='ocrx_word' id='word_1_181' title='bbox 763 2298 796 2362; x_wconf 93' lang='lat' dir='ltr'><strong>in</strong></span> <span class='ocrx_word' id='word_1_182' title='bbox 811 2298 888 2364; x_wconf 84' lang='lat' dir='ltr'><strong>Vita</strong></span> <span class='ocrx_word' id='word_1_183' title='bbox 904 2299 997 2363; x_wconf 86' lang='lat' dir='ltr'><strong>Alex.</strong></span> <span class='ocrx_word' id='word_1_184' title='bbox 1020 2322 1053 2386; x_wconf 91' lang='lat' dir='ltr'><strong>p.</strong></span> <span class='ocrx_word' id='word_1_185' title='bbox 1069 2301 1145 2387; x_wconf 89' lang='lat'><strong>698.</strong></span> <span class='ocrx_word' id='word_1_186' title='bbox 1162 2301 1201 2380; x_wconf 89' lang='lat' dir='ltr'><strong>B,</strong></span> <span class='ocrx_word' id='word_1_187' title='bbox 1216 2300 1261 2366; x_wconf 93' lang='lat' dir='ltr'><strong>C.</strong></span> 
     </span>
     <span class='ocr_line' id='line_1_21' title="bbox 226 2398 886 2486; baseline 0.002 -23"><span class='ocrx_word' id='word_1_188' title='bbox 226 2420 325 2486; x_wconf 91' lang='lat' dir='ltr'><strong>quem</strong></span> <span class='ocrx_word' id='word_1_189' title='bbox 342 2398 452 2465; x_wconf 88' lang='lat' dir='ltr'><strong>retulit</strong></span> <span class='ocrx_word' id='word_1_190' title='bbox 467 2402 608 2464; x_wconf 75' lang='lat' dir='ltr'><strong>Zonaras</strong></span> <span class='ocrx_word' id='word_1_191' title='bbox 621 2399 740 2465; x_wconf 87' lang='lat' dir='ltr'><strong>Annal.</strong></span> <span class='ocrx_word' id='word_1_192' title='bbox 758 2400 817 2464; x_wconf 93' lang='lat' dir='ltr'><strong>IV.</strong></span> <span class='ocrx_word' id='word_1_193' title='bbox 836 2418 886 2484; x_wconf 84' lang='lat'><strong>13.</strong></span> 
     </span>
    </p>

    <p class='ocr_par' dir='ltr' id='par_1_8' title="bbox 226 2500 1265 3198">
     <span class='ocr_line' id='line_1_22' title="bbox 273 2500 1261 2591; baseline 0.008 -27"><span class='ocrx_word' id='word_1_194' title='bbox 273 2502 344 2565; x_wconf 86' lang='lat'><strong>181.</strong></span> <span class='ocrx_word' id='word_1_195' title='bbox 358 2500 398 2565; x_wconf 90' lang='lat' dir='ltr'><strong>C.</strong></span> <span class='ocrx_word' id='word_1_196' title='bbox 421 2500 472 2565; x_wconf 77' lang='grc' dir='ltr'><strong>κε’.</strong></span> <span class='ocrx_word' id='word_1_197' title='bbox 495 2504 567 2589; x_wconf 71' lang='lat' dir='ltr'><strong>llrpl</strong></span> <span class='ocrx_word' id='word_1_198' title='bbox 589 2504 616 2565; x_wconf 73' lang='grc' dir='ltr'><strong>δὲ</strong></span> <span class='ocrx_word' id='word_1_199' title='bbox 635 2502 807 2588; x_wconf 65' lang='lat' dir='ltr'><strong>ric-cispite</strong></span> <span class='ocrx_word' id='word_1_200' title='bbox 825 2503 990 2591; x_wconf 72' lang='grc' dir='ltr'><strong><em>σέτςας-]</em></strong></span> <span class='ocrx_word' id='word_1_201' title='bbox 1017 2508 1054 2570; x_wconf 91' lang='lat' dir='ltr'><strong>ln</strong></span> <span class='ocrx_word' id='word_1_202' title='bbox 1071 2505 1149 2570; x_wconf 82' lang='lat' dir='ltr'><strong>Vita</strong></span> <span class='ocrx_word' id='word_1_203' title='bbox 1161 2505 1261 2572; x_wconf 80' lang='lat' dir='ltr'><strong>Alex.</strong></span> 
     </span>
     <span class='ocr_line' id='line_1_23' title="bbox 226 2603 1263 2693; baseline 0.004 -25"><span class='ocrx_word' id='word_1_204' title='bbox 226 2627 260 2692; x_wconf 93' lang='lat' dir='ltr'><strong>p.</strong></span> <span class='ocrx_word' id='word_1_205' title='bbox 275 2607 350 2690; x_wconf 91' lang='lat'><strong>697.</strong></span> <span class='ocrx_word' id='word_1_206' title='bbox 367 2605 406 2668; x_wconf 88' lang='lat' dir='ltr'><strong>E.</strong></span> <span class='ocrx_word' id='word_1_207' title='bbox 442 2605 495 2669; x_wconf 90' lang='lat' dir='ltr'><strong>De</strong></span> <span class='ocrx_word' id='word_1_208' title='bbox 518 2627 551 2669; x_wconf 91' lang='lat' dir='ltr'><strong>re</strong></span> <span class='ocrx_word' id='word_1_209' title='bbox 576 2604 641 2690; x_wconf 89' lang='lat' dir='ltr'><strong>ipsa</strong></span> <span class='ocrx_word' id='word_1_210' title='bbox 662 2603 825 2675; x_wconf 86' lang='lat' dir='ltr'><strong>Diodorus</strong></span> <span class='ocrx_word' id='word_1_211' title='bbox 851 2606 915 2668; x_wconf 91' lang='lat' dir='ltr'><strong>Sic.</strong></span> <span class='ocrx_word' id='word_1_212' title='bbox 941 2608 1050 2671; x_wconf 88' lang='lat' dir='ltr'><strong>XVII.</strong></span> <span class='ocrx_word' id='word_1_213' title='bbox 1074 2607 1125 2690; x_wconf 85' lang='lat'><strong>85.</strong></span> <span class='ocrx_word' id='word_1_214' title='bbox 1151 2606 1263 2693; x_wconf 89' lang='lat' dir='ltr'><strong>ibique</strong></span> 
     </span>
     <span class='ocr_line' id='line_1_24' title="bbox 226 2705 1262 2794; baseline 0 -21"><span class='ocrx_word' id='word_1_215' title='bbox 226 2707 467 2793; x_wconf 84' lang='lat' dir='ltr'><strong>Wesselingius.</strong></span> <span class='ocrx_word' id='word_1_216' title='bbox 493 2706 624 2770; x_wconf 86' lang='lat' dir='ltr'><strong>Curtius</strong></span> <span class='ocrx_word' id='word_1_217' title='bbox 639 2708 733 2771; x_wconf 88' lang='lat' dir='ltr'><strong>VIIl.</strong></span> <span class='ocrx_word' id='word_1_218' title='bbox 749 2725 797 2769; x_wconf 87' lang='lat'><strong>11.</strong></span> <span class='ocrx_word' id='word_1_219' title='bbox 822 2705 977 2770; x_wconf 85' lang='lat' dir='ltr'><strong>Arrianus</strong></span> <span class='ocrx_word' id='word_1_220' title='bbox 994 2711 1051 2771; x_wconf 87' lang='lat' dir='ltr'><strong>lV.</strong></span> <span class='ocrx_word' id='word_1_221' title='bbox 1063 2710 1115 2774; x_wconf 84' lang='grc'><strong>18.</strong></span> <span class='ocrx_word' id='word_1_222' title='bbox 1132 2709 1197 2794; x_wconf 90' lang='lat' dir='ltr'><strong>seq.</strong></span> <span class='ocrx_word' id='word_1_223' title='bbox 1222 2711 1262 2773; x_wconf 88' lang='lat' dir='ltr'><strong>In</strong></span> 
     </span>
     <span class='ocr_line' id='line_1_25' title="bbox 226 2808 1265 2897; baseline 0.002 -25"><span class='ocrx_word' id='word_1_224' title='bbox 226 2808 308 2873; x_wconf 93' lang='lat' dir='ltr'><strong>libro</strong></span> <span class='ocrx_word' id='word_1_225' title='bbox 330 2812 381 2873; x_wconf 93' lang='lat' dir='ltr'><strong>De</strong></span> <span class='ocrx_word' id='word_1_226' title='bbox 400 2813 487 2875; x_wconf 89' lang='lat' dir='ltr'><strong>Fort.</strong></span> <span class='ocrx_word' id='word_1_227' title='bbox 502 2810 596 2874; x_wconf 85' lang='lat' dir='ltr'><strong>Alex.</strong></span> <span class='ocrx_word' id='word_1_228' title='bbox 619 2831 652 2895; x_wconf 87' lang='lat' dir='ltr'><strong>p.</strong></span> <span class='ocrx_word' id='word_1_229' title='bbox 667 2827 743 2894; x_wconf 84' lang='lat'><strong>327.</strong></span> <span class='ocrx_word' id='word_1_230' title='bbox 759 2809 799 2872; x_wconf 89' lang='lat' dir='ltr'><strong>C.</strong></span> <span class='ocrx_word' id='word_1_231' title='bbox 821 2809 972 2873; x_wconf 87' lang='lat' dir='ltr'><strong>dicuntur</strong></span> <span class='ocrx_word' id='word_1_232' title='bbox 986 2809 1070 2897; x_wconf 61' lang='lat' dir='ltr'><strong>sopra</strong></span> <span class='ocrx_word' id='word_1_233' title='bbox 1083 2809 1152 2886; x_wconf 67' lang='lat' dir='ltr'><strong>itm.</strong></span> <span class='ocrx_word' id='word_1_234' title='bbox 1184 2810 1265 2874; x_wconf 82' lang='lat' dir='ltr'><strong>Alia</strong></span> 
     </span>
     <span class='ocr_line' id='line_1_26' title="bbox 229 2909 1263 2996; baseline 0.004 -24"><span class='ocrx_word' id='word_1_235' title='bbox 229 2909 300 2973; x_wconf 93' lang='lat' dir='ltr'><strong>sunt</strong></span> <span class='ocrx_word' id='word_1_236' title='bbox 324 2910 395 2974; x_wconf 86' lang='lat' dir='ltr'><strong>loca</strong></span> <span class='ocrx_word' id='word_1_237' title='bbox 415 2909 499 2996; x_wconf 74' lang='grc' dir='ltr'><strong><em>ἄορνα</em></strong></span> <span class='ocrx_word' id='word_1_238' title='bbox 521 2911 629 2973; x_wconf 82' lang='lat' dir='ltr'><strong>avibus</strong></span> <span class='ocrx_word' id='word_1_239' title='bbox 651 2910 798 2996; x_wconf 76' lang='lat' dir='ltr'><strong>impervia</strong></span> <span class='ocrx_word' id='word_1_240' title='bbox 819 2911 862 2974; x_wconf 93' lang='lat' dir='ltr'><strong>ob</strong></span> <span class='ocrx_word' id='word_1_241' title='bbox 884 2910 1059 2995; x_wconf 87' lang='lat' dir='ltr'><strong>pestiferam</strong></span> <span class='ocrx_word' id='word_1_242' title='bbox 1080 2911 1263 2977; x_wconf 75' lang='lat' dir='ltr'><strong>exhalatIo·</strong></span> 
     </span>
     <span class='ocr_line' id='line_1_27' title="bbox 228 3011 1264 3097; baseline 0.007 -25"><span class='ocrx_word' id='word_1_243' title='bbox 228 3032 302 3073; x_wconf 90' lang='lat' dir='ltr'><strong>nem</strong></span> <span class='ocrx_word' id='word_1_244' title='bbox 326 3033 496 3095; x_wconf 78' lang='lat' dir='ltr'><strong>vaporum:</strong></span> <span class='ocrx_word' id='word_1_245' title='bbox 521 3011 561 3074; x_wconf 92' lang='lat' dir='ltr'><strong>de</strong></span> <span class='ocrx_word' id='word_1_246' title='bbox 579 3012 696 3096; x_wconf 88' lang='lat' dir='ltr'><strong>quibus</strong></span> <span class='ocrx_word' id='word_1_247' title='bbox 718 3011 812 3078; x_wconf 75' lang='lat' dir='ltr'><strong>docte</strong></span> <span class='ocrx_word' id='word_1_248' title='bbox 833 3011 902 3097; x_wconf 85' lang='lat' dir='ltr'><strong>egit</strong></span> <span class='ocrx_word' id='word_1_249' title='bbox 922 3014 974 3077; x_wconf 87' lang='lat' dir='ltr'><strong>Jo.</strong></span> <span class='ocrx_word' id='word_1_250' title='bbox 994 3013 1195 3078; x_wconf 83' lang='lat' dir='ltr'><strong>Beckmann.</strong></span> <span class='ocrx_word' id='word_1_251' title='bbox 1218 3015 1264 3079; x_wconf 91' lang='lat' dir='ltr'><strong>ad</strong></span> 
     </span>
     <span class='ocr_line' id='line_1_28' title="bbox 226 3111 897 3198; baseline 0 -23"><span class='ocrx_word' id='word_1_252' title='bbox 226 3111 358 3175; x_wconf 88' lang='lat' dir='ltr'><strong>Aristot.</strong></span> <span class='ocrx_word' id='word_1_253' title='bbox 374 3111 492 3175; x_wconf 90' lang='lat' dir='ltr'><strong>Mirab.</strong></span> <span class='ocrx_word' id='word_1_254' title='bbox 507 3111 655 3176; x_wconf 89' lang='lat' dir='ltr'><strong>Auscult.</strong></span> <span class='ocrx_word' id='word_1_255' title='bbox 671 3111 761 3176; x_wconf 89' lang='lat' dir='ltr'><strong>CIX.</strong></span> <span class='ocrx_word' id='word_1_256' title='bbox 778 3133 810 3198; x_wconf 88' lang='lat' dir='ltr'><strong>p.</strong></span> <span class='ocrx_word' id='word_1_257' title='bbox 824 3131 897 3179; x_wconf 85' lang='grc'><strong>110.</strong></span> 
     </span>
    </p>

    <p class='ocr_par' dir='ltr' id='par_1_9' title="bbox 227 3213 1263 3481">
     <span class='ocr_line' id='line_1_29' title="bbox 272 3213 1263 3298; baseline 0.004 -21"><span class='ocrx_word' id='word_1_258' title='bbox 272 3214 345 3277; x_wconf 89' lang='grc'><strong>181.</strong></span> <span class='ocrx_word' id='word_1_259' title='bbox 358 3215 403 3276; x_wconf 93' lang='lat' dir='ltr'><strong>D.</strong></span> <span class='ocrx_word' id='word_1_260' title='bbox 424 3214 496 3297; x_wconf 82' lang='grc' dir='ltr'><strong>κζ’.]</strong></span> <span class='ocrx_word' id='word_1_261' title='bbox 520 3214 623 3297; x_wconf 86' lang='lat' dir='ltr'><strong>Atqui</strong></span> <span class='ocrx_word' id='word_1_262' title='bbox 638 3225 763 3298; x_wconf 91' lang='lat' dir='ltr'><strong>captam</strong></span> <span class='ocrx_word' id='word_1_263' title='bbox 779 3217 913 3277; x_wconf 89' lang='lat' dir='ltr'><strong>Aornon</strong></span> <span class='ocrx_word' id='word_1_264' title='bbox 928 3213 960 3276; x_wconf 93' lang='lat' dir='ltr'><strong>in</strong></span> <span class='ocrx_word' id='word_1_265' title='bbox 977 3214 1125 3298; x_wconf 86' lang='lat' dir='ltr'><strong>operibus</strong></span> <span class='ocrx_word' id='word_1_266' title='bbox 1140 3237 1263 3281; x_wconf 91' lang='lat' dir='ltr'><strong>nume·</strong></span> 
     </span>
     <span class='ocr_line' id='line_1_30' title="bbox 227 3313 1262 3401; baseline 0.003 -22"><span class='ocrx_word' id='word_1_267' title='bbox 227 3316 318 3394; x_wconf 87' lang='lat' dir='ltr'><strong>ravit,</strong></span> <span class='ocrx_word' id='word_1_268' title='bbox 339 3315 455 3401; x_wconf 90' lang='lat' dir='ltr'><strong>quibus</strong></span> <span class='ocrx_word' id='word_1_269' title='bbox 475 3314 626 3379; x_wconf 87' lang='lat' dir='ltr'><strong>Herculis</strong></span> <span class='ocrx_word' id='word_1_270' title='bbox 645 3313 729 3379; x_wconf 79' lang='lat' dir='ltr'><strong>fa8ta</strong></span> <span class='ocrx_word' id='word_1_271' title='bbox 751 3316 911 3401; x_wconf 84' lang='lat' dir='ltr'><strong>superaret</strong></span> <span class='ocrx_word' id='word_1_272' title='bbox 924 3316 1009 3400; x_wconf 89' lang='lat' dir='ltr'><strong>apud</strong></span> <span class='ocrx_word' id='word_1_273' title='bbox 1025 3315 1200 3381; x_wconf 86' lang='lat' dir='ltr'><strong>Arrianum</strong></span> <span class='ocrx_word' id='word_1_274' title='bbox 1217 3321 1262 3384; x_wconf 89' lang='lat' dir='ltr'><strong>V.</strong></span> 
     </span>
     <span class='ocr_line' id='line_1_31' title="bbox 227 3420 280 3481; baseline 0 0"><span class='ocrx_word' id='word_1_275' title='bbox 227 3420 280 3481; x_wconf 82' lang='lat'><strong>26.</strong></span> 
     </span>
    </p>

    <p class='ocr_par' dir='ltr' id='par_1_10' title="bbox 224 3515 1266 4214">
     <span class='ocr_line' id='line_1_32' title="bbox 272 3515 1263 3603; baseline 0 -22"><span class='ocrx_word' id='word_1_276' title='bbox 272 3518 344 3582; x_wconf 89' lang='lat'><strong>181.</strong></span> <span class='ocrx_word' id='word_1_277' title='bbox 360 3519 405 3583; x_wconf 91' lang='lat' dir='ltr'><strong>D.</strong></span> <span class='ocrx_word' id='word_1_278' title='bbox 428 3517 481 3595; x_wconf 82' lang='grc' dir='ltr'><strong>κη’.</strong></span> <span class='ocrx_word' id='word_1_279' title='bbox 506 3522 585 3603; x_wconf 77' lang='grc' dir='ltr'><strong><em>ἓντῷ</em></strong></span> <span class='ocrx_word' id='word_1_280' title='bbox 599 3515 716 3582; x_wconf 68' lang='lat' dir='ltr'><strong>&gt;castior</strong></span> <span class='ocrx_word' id='word_1_281' title='bbox 734 3521 763 3580; x_wconf 83' lang='grc' dir='ltr'><strong>οὐ</strong></span> <span class='ocrx_word' id='word_1_282' title='bbox 781 3516 949 3602; x_wconf 67' lang='grc' dir='ltr'><strong><em>παίζοντας]</em></strong></span> <span class='ocrx_word' id='word_1_283' title='bbox 976 3517 996 3579; x_wconf 89' lang='lat' dir='ltr'><strong>i.</strong></span> <span class='ocrx_word' id='word_1_284' title='bbox 1010 3538 1040 3580; x_wconf 87' lang='lat' dir='ltr'><strong>e.</strong></span> <span class='ocrx_word' id='word_1_285' title='bbox 1056 3515 1152 3601; x_wconf 77' lang='lat' dir='ltr'><strong>magis</strong></span> <span class='ocrx_word' id='word_1_286' title='bbox 1168 3542 1263 3581; x_wconf 78' lang='grc' dir='ltr'><strong><em>σπου-</em></strong></span> 
     </span>
     <span class='ocr_line' id='line_1_33' title="bbox 226 3616 1266 3706; baseline 0.002 -23"><span class='ocrx_word' id='word_1_287' title='bbox 226 3621 354 3701; x_wconf 80' lang='grc' dir='ltr'><strong><em>δάζοντας</em></strong></span> <span class='ocrx_word' id='word_1_288' title='bbox 378 3644 466 3706; x_wconf 79' lang='lat' dir='ltr'><strong>quom</strong></span> <span class='ocrx_word' id='word_1_289' title='bbox 493 3619 647 3702; x_wconf 69' lang='grc' dir='ltr'><strong><em>παίζοντας</em></strong></span> <span class='ocrx_word' id='word_1_290' title='bbox 673 3621 706 3682; x_wconf 82' lang='lat' dir='ltr'><strong>in</strong></span> <span class='ocrx_word' id='word_1_291' title='bbox 730 3618 858 3682; x_wconf 82' lang='lat' dir='ltr'><strong>talorum</strong></span> <span class='ocrx_word' id='word_1_292' title='bbox 881 3619 943 3705; x_wconf 71' lang='lat' dir='ltr'><strong>lusit</strong></span> <span class='ocrx_word' id='word_1_293' title='bbox 960 3622 998 3704; x_wconf 84' lang='lat' dir='ltr'><strong>se</strong></span> <span class='ocrx_word' id='word_1_294' title='bbox 1021 3616 1142 3704; x_wconf 76' lang='lat' dir='ltr'><em>gefflffi,</em></span> <span class='ocrx_word' id='word_1_295' title='bbox 1165 3619 1266 3685; x_wconf 65' lang='lat' dir='ltr'><strong>niuniu</strong></span> 
     </span>
     <span class='ocr_line' id='line_1_34' title="bbox 225 3719 1264 3807; baseline -0.002 -21"><span class='ocrx_word' id='word_1_296' title='bbox 225 3721 387 3807; x_wconf 81' lang='lat' dir='ltr'><strong>cupiditate</strong></span> <span class='ocrx_word' id='word_1_297' title='bbox 400 3735 428 3784; x_wconf 79' lang='lat' dir='ltr'><strong>ct</strong></span> <span class='ocrx_word' id='word_1_298' title='bbox 443 3721 606 3785; x_wconf 82' lang='lat' dir='ltr'><strong>animorum</strong></span> <span class='ocrx_word' id='word_1_299' title='bbox 621 3721 803 3785; x_wconf 80' lang='lat' dir='ltr'><strong>commotione</strong></span> <span class='ocrx_word' id='word_1_300' title='bbox 819 3735 875 3807; x_wconf 82' lang='lat' dir='ltr'><strong>per</strong></span> <span class='ocrx_word' id='word_1_301' title='bbox 890 3720 1017 3784; x_wconf 82' lang='lat' dir='ltr'><strong>talcmm</strong></span> <span class='ocrx_word' id='word_1_302' title='bbox 1031 3719 1125 3805; x_wconf 66' lang='lat' dir='ltr'><strong>lustum</strong></span> <span class='ocrx_word' id='word_1_303' title='bbox 1141 3740 1264 3784; x_wconf 81' lang='lat' dir='ltr'><strong>conten·</strong></span> 
     </span>
     <span class='ocr_line' id='line_1_35' title="bbox 225 3822 1262 3910; baseline 0.002 -23"><span class='ocrx_word' id='word_1_304' title='bbox 225 3822 309 3909; x_wconf 77' lang='lat' dir='ltr'><strong>diffi.</strong></span> <span class='ocrx_word' id='word_1_305' title='bbox 348 3822 436 3886; x_wconf 84' lang='lat' dir='ltr'><strong>Huic</strong></span> <span class='ocrx_word' id='word_1_306' title='bbox 459 3822 590 3908; x_wconf 83' lang='lat' dir='ltr'><strong>negotio</strong></span> <span class='ocrx_word' id='word_1_307' title='bbox 609 3836 642 3886; x_wconf 91' lang='lat' dir='ltr'><strong>et</strong></span> <span class='ocrx_word' id='word_1_308' title='bbox 662 3844 779 3886; x_wconf 91' lang='lat' dir='ltr'><strong>nomen</strong></span> <span class='ocrx_word' id='word_1_309' title='bbox 801 3838 835 3886; x_wconf 89' lang='lat' dir='ltr'><strong>et</strong></span> <span class='ocrx_word' id='word_1_310' title='bbox 854 3845 903 3886; x_wconf 88' lang='lat' dir='ltr'><strong>res</strong></span> <span class='ocrx_word' id='word_1_311' title='bbox 924 3836 992 3886; x_wconf 88' lang='lat' dir='ltr'><strong>erat</strong></span> <span class='ocrx_word' id='word_1_312' title='bbox 1004 3822 1134 3903; x_wconf 71' lang='grc' dir='ltr'><strong><em>σαίζονε</em></strong></span> <span class='ocrx_word' id='word_1_313' title='bbox 1159 3823 1200 3885; x_wconf 87' lang='lat' dir='ltr'><strong>src</strong></span> <span class='ocrx_word' id='word_1_314' title='bbox 1224 3846 1262 3910; x_wconf 93' lang='lat' dir='ltr'><strong>p.</strong></span> 
     </span>
     <span class='ocr_line' id='line_1_36' title="bbox 228 3921 1263 4011; baseline 0 -22"><span class='ocrx_word' id='word_1_315' title='bbox 228 3943 300 4011; x_wconf 77' lang='lat'><strong>132·</strong></span> <span class='ocrx_word' id='word_1_316' title='bbox 314 3925 350 3988; x_wconf 87' lang='lat' dir='ltr'><strong>F.</strong></span> <span class='ocrx_word' id='word_1_317' title='bbox 373 3923 528 4004; x_wconf 68' lang='grc' dir='ltr'><strong><em>παίζοντας</em></strong></span> <span class='ocrx_word' id='word_1_318' title='bbox 547 3921 593 3989; x_wconf 72' lang='grc' dir='ltr'><strong><em>καί</em></strong></span> <span class='ocrx_word' id='word_1_319' title='bbox 613 3922 784 3997; x_wconf 67' lang='grc' dir='ltr'><strong><em>κοὸεὗοντας.</em></strong></span> <span class='ocrx_word' id='word_1_320' title='bbox 821 3940 897 4007; x_wconf 82' lang='lat'><strong>355.</strong></span> <span class='ocrx_word' id='word_1_321' title='bbox 914 3925 957 3986; x_wconf 90' lang='lat' dir='ltr'><strong>D.</strong></span> <span class='ocrx_word' id='word_1_322' title='bbox 979 3924 1127 3999; x_wconf 67' lang='grc' dir='ltr'><strong><em>παίξαντα</em></strong></span> <span class='ocrx_word' id='word_1_323' title='bbox 1145 3924 1263 3990; x_wconf 68' lang='lat' dir='ltr'><strong>virita.</strong></span> 
     </span>
     <span class='ocr_line' id='line_1_37' title="bbox 226 4024 1264 4112; baseline 0.001 -22"><span class='ocrx_word' id='word_1_324' title='bbox 226 4029 339 4112; x_wconf 89' lang='lat' dir='ltr'><strong>Itaque</strong></span> <span class='ocrx_word' id='word_1_325' title='bbox 358 4028 445 4089; x_wconf 87' lang='lat' dir='ltr'><strong>Laco</strong></span> <span class='ocrx_word' id='word_1_326' title='bbox 467 4025 507 4089; x_wconf 87' lang='lat' dir='ltr'><strong>de</strong></span> <span class='ocrx_word' id='word_1_327' title='bbox 528 4024 770 4089; x_wconf 75' lang='lat' dir='ltr'><strong>Atheniensium</strong></span> <span class='ocrx_word' id='word_1_328' title='bbox 793 4025 922 4088; x_wconf 88' lang='lat' dir='ltr'><strong>scenicis</strong></span> <span class='ocrx_word' id='word_1_329' title='bbox 948 4024 1187 4104; x_wconf 81' lang='lat' dir='ltr'><strong>certaminibus,</strong></span> <span class='ocrx_word' id='word_1_330' title='bbox 1210 4033 1264 4091; x_wconf 78' lang='grc' dir='ltr'><strong>οὐκ</strong></span> 
     </span>
     <span class='ocr_line' id='line_1_38' title="bbox 224 4126 1264 4214; baseline 0.002 -23"><span class='ocrx_word' id='word_1_331' title='bbox 224 4128 271 4209; x_wconf 71' lang='grc' dir='ltr'><strong>ἔφη</strong></span> <span class='ocrx_word' id='word_1_332' title='bbox 286 4133 426 4214; x_wconf 63' lang='grc' dir='ltr'><strong><em>σωφρονεῖν</em></strong></span> <span class='ocrx_word' id='word_1_333' title='bbox 439 4131 487 4203; x_wconf 73' lang='grc' dir='ltr'><strong>τὴν</strong></span> <span class='ocrx_word' id='word_1_334' title='bbox 501 4127 588 4190; x_wconf 69' lang='grc' dir='ltr'><strong><em>πόλιν</em></strong></span> <span class='ocrx_word' id='word_1_335' title='bbox 602 4132 675 4208; x_wconf 74' lang='grc' dir='ltr'><strong><em>μετὰ</em></strong></span> <span class='ocrx_word' id='word_1_336' title='bbox 687 4126 822 4203; x_wconf 75' lang='grc' dir='ltr'><strong><em>τοσαύτης</em></strong></span> <span class='ocrx_word' id='word_1_337' title='bbox 838 4130 951 4202; x_wconf 72' lang='grc' dir='ltr'><strong><em>σπουδῆς</em></strong></span> <span class='ocrx_word' id='word_1_338' title='bbox 974 4128 1144 4208; x_wconf 67' lang='grc' dir='ltr'><strong><em>παίζουσαν·</em></strong></span> <span class='ocrx_word' id='word_1_339' title='bbox 1169 4130 1264 4214; x_wconf 89' lang='lat' dir='ltr'><strong>apud</strong></span> 
     </span>
    </p>
   </div>
   <div class='ocr_carea' id='block_1_7' title="bbox 224 4228 1264 4318">
    <p class='ocr_par' dir='ltr' id='par_1_11' title="bbox 224 4228 1264 4318">
     <span class='ocr_line' id='line_1_39' title="bbox 224 4228 1264 4318; baseline 0.001 -24"><span class='ocrx_word' id='word_1_340' title='bbox 224 4230 431 4296; x_wconf 84' lang='lat' dir='ltr'><strong>Plutarchum</strong></span> <span class='ocrx_word' id='word_1_341' title='bbox 446 4231 593 4318; x_wconf 88' lang='lat' dir='ltr'><strong>Sympos.</strong></span> <span class='ocrx_word' id='word_1_342' title='bbox 604 4232 680 4297; x_wconf 91' lang='lat' dir='ltr'><strong>Vll.</strong></span> <span class='ocrx_word' id='word_1_343' title='bbox 698 4251 731 4315; x_wconf 93' lang='lat' dir='ltr'><strong>p.</strong></span> <span class='ocrx_word' id='word_1_344' title='bbox 745 4246 820 4312; x_wconf 91' lang='lat'><strong>710.</strong></span> <span class='ocrx_word' id='word_1_345' title='bbox 838 4232 872 4293; x_wconf 89' lang='lat' dir='ltr'><strong>F.</strong></span> <span class='ocrx_word' id='word_1_346' title='bbox 889 4229 945 4316; x_wconf 90' lang='lat' dir='ltr'><strong>qui</strong></span> <span class='ocrx_word' id='word_1_347' title='bbox 958 4229 1108 4294; x_wconf 80' lang='lat' dir='ltr'><strong>verisstme</strong></span> <span class='ocrx_word' id='word_1_348' title='bbox 1123 4228 1264 4317; x_wconf 84' lang='lat' dir='ltr'><strong>subjun-</strong></span> 
     </span>
    </p>
   </div>
   <div class='ocr_carea' id='block_1_8' title="bbox 0 0 1350 4770">
    <p class='ocr_par' dir='ltr' id='par_1_12' title="bbox 0 0 1350 4770">
     <span class='ocr_line' id='line_1_40' title="bbox 0 0 1350 4770; baseline 0 2"><span class='ocrx_word' id='word_1_349' title='bbox 0 0 1350 4770; x_wconf 95' lang='lat' dir='ltr'><strong> </strong></span> 
     </span>
    </p>
   </div>
  </div>
 </body>
</html>
