2692 4770
223 285 301 340 toea
413 270 1069 340 D.W.AN1MADV.1N1²LUTARcm

221 445 311 527 initui
325 440 414 506 οὐκέτι
430 441 494 519 eim
508 442 617 518 δυνατὸς
630 447 668 506 τὰ
680 443 845 536 πρήγματα
855 514 857 518 .
866 446 962 530 ἐπορᾷν
976 467 1008 505 τε
1020 445 1043 529 'it
1057 438 1164 519 διέααν,
1181 438 1260 523 αἱμ-

220 541 280 618 ψας
296 545 331 618 εἰς
343 547 391 622 τὴν
406 542 562 631 Κεςκόραν,
577 543 715 607 &nastes
729 547 775 608 τὸν
789 543 950 630 Λυκόφρονα
968 544 1010 607 ἐπὶ
1030 546 1078 619 τήν
1098 543 1256 626 τυραννίδα·

221 648 319 731 ὖνγὰρ
333 646 363 724 δη
376 651 417 730 τῷ
429 644 596 732 αρνσὸνῖἒρφ
616 654 671 709 τῶν
690 645 794 710 παίδων
809 649 846 709 ἐκ
860 645 969 732 ἐνεώρα,
987 645 1067 708 ἄλλά
1080 649 1104 707 οἶ
1118 645 1258 724 καταφαί-

218 766 279 810 mc
293 745 359 825 eim
368 746 523 833 ναθίςερος·
548 747 622 810 -in
638 748 750 831 majore
764 758 839 811 natu
846 745 985 834 filiorum
999 769 1057 808 non
1071 744 1198 808 videbat
1211 750 1260 824 τὴν

218 847 373 934 τυραννίδα,
388 872 446 912 non
459 849 635 935 agnoscebat
654 848 788 912 idoneam
803 846 970 933 tyrannidis
980 845 1188 934 saccefforene:
1212 846 1259 911 ita

218 946 309 1014 locus
327 962 453 1014 mutato
468 963 616 1028 accentu,
633 970 691 1035 pro
710 948 800 1026 ἄλλα,
816 947 1033 1034 accipiendus.
1068 947 1140 1011 Nec
1162 946 1257 1012 aliter

217 1046 494 1136 interpretandum
508 1049 614 1115 dicam
631 1050 797 1114 Platonem
813 1052 891 1135 Rep.
906 1052 951 1113 ΙΙ.
966 1070 1000 1135 p.
1012 1066 1089 1134 431.
1106 1049 1162 1112 G:
1183 1072 1255 1112 mr·

216 1153 280 1228 mis
293 1152 344 1233 μὶν
357 1150 414 1239 ἄρα
435 1153 533 1229 ψευδὴς
552 1156 578 1216 ἓν
597 1156 653 1237 θεῷ
672 1156 721 1215 οὐκ
738 1150 784 1215 su·
804 1163 892 1238 poeta
905 1150 1000 1239 igitur
1014 1149 1142 1213 mendax
1157 1150 1188 1213 in
1203 1151 1255 1214 deo

215 1274 274 1316 non
295 1252 353 1338 est:
381 1253 403 1317 i.
422 1276 452 1318 e.
478 1255 563 1318 Deus
587 1277 645 1318 non
661 1254 808 1341 suscipiat
835 1277 939 1317 munus
965 1264 1060 1340 poeta
1080 1253 1252 1318 mendacis:

215 1358 314 1440 quani
343 1352 529 1441 scripturam
558 1355 647 1440 quod
674 1354 769 1419 stulte
797 1353 844 1419 ita
870 1353 935 1441 legi
962 1353 1157 1440 pmnunciat
1185 1356 1251 1421 Jer.

216 1454 432 1519 Marklandue
447 1454 487 1518 ad
503 1456 628 1544 Lyfiam
647 1477 678 1542 p.
692 1458 768 1541 561.
783 1454 880 1519 credo
895 1465 1036 1519 mutaret
1049 1455 1251 1536 sententiam,

216 1555 370 1620 srnostras
385 1556 524 1621 rationes
538 1556 756 1642 cognosceret.

261 1672 334 1743 175.
350 1660 389 1722 E.
412 1656 446 1724 ε’.
468 1657 645 1746 Χςῆματαῒ
660 1658 890 1744 εἰσπράσσων-ἣ
919 1657 1065 1723 Pecuniae
1085 1658 1251 1746 exigenda

214 1770 400 1826 commenta
418 1758 521 1825 multa
535 1760 605 1848 ejus
620 1761 783 1825 seruntur:
806 1761 945 1825 breviter
958 1775 1113 1824 notantur
1126 1761 1158 1824 in
1175 1762 1250 1826 Ari·

214 1860 331 1926 stotelia
347 1860 441 1926 Polit.
452 1865 496 1926 V.
516 1881 551 1926 11
566 1888 574 1927 z
598 1861 709 1928 multis
725 1859 880 1948 exemplis
899 1860 1103 1926 declarantur
1117 1863 1149 1925 in
1165 1863 1249 1950 ejus·

213 1959 289 2027 dem
308 1965 487 2028 OEeonom.
512 1965 558 2027 11.
580 1983 633 2031 20.
671 1963 812 2050 Polyaeni
829 1965 872 2028 V.
888 1982 918 2030 ν.
957 1963 1020 2027 Sed
1043 1963 1107 2027 hoc
1125 1963 1248 2030 dietum

212 2065 362 2133 convenit
375 2065 410 2129 in
425 2064 505 2129 illud
520 2065 641 2130 fastum
659 2066 797 2130 maxime
810 2088 875 2150 quo
891 2067 1161 2153 Syracusanorum
1176 2089 1248 2132 om·

212 2180 269 2228 nee
283 2165 435 2250 pecunias
449 2166 533 2230 intra
546 2165 802 2252 quinquennium
816 2165 967 2251 deinceps
982 2166 1101 2252 exegit.

257 2286 330 2353 175.
345 2271 381 2333 F.
404 2268 442 2342 ς’.
465 2274 521 2346 Τῆς
545 2271 572 2333 δῖ
592 2272 749 2356 μητρὸς-]
785 2271 895 2334 Habet
919 2269 1108 2335 Plutarchus
1129 2270 1164 2335 in
1186 2272 1248 2337 So·

211 2368 292 2435 lone·
300 2391 334 2456 p.
351 2370 404 2457 89.
419 2372 464 2436 D.
497 2374 535 2437 In
555 2392 589 2437 ne
607 2371 763 2437 amatoria
775 2372 945 2457 usurpatur
963 2372 1091 2458 Tragici
1110 2372 1249 2452 dicium,

209 2473 251 2535 ‘H
269 2472 349 2553 φύσις
373 2470 495 2536 isaiae&
513 2470 530 2559 ᾖ
551 2472 637 2554 νόμον
658 2473 717 2535 ssia
742 2471 830 2554 μέλει·
862 2471 990 2558 dequo
1016 2475 1184 2539 Mercerue
1207 2475 1248 2540 ad

210 2575 392 2641 Aristaeneti
405 2576 534 2664 Epistol.
550 2578 662 2641 Amat.
680 2578 725 2640 Is.
740 2595 773 2660 5.
789 2589 823 2641 et
839 2597 897 2638 nos
912 2575 998 2638 alibi.

223 2717 227 2726 ·
256 2692 328 2763 175.
346 2681 381 2743 F.
403 2677 438 2756 η’.
462 2678 535 2745 Eira
557 2678 585 2741 δι’
605 2681 730 2764 τννος-]
766 2677 842 2763 Ipfis
863 2676 965 2740 verbis
989 2676 1065 2741 hinc
1092 2678 1249 2743 transtulit

210 2770 358 2845 Stobaeus
380 2780 464 2844 Flor.
478 2781 543 2845 Tit.
561 2782 623 2844 111.
641 2803 673 2866 p.
690 2801 744 2861 42.
781 2780 865 2844 Aliis
884 2780 984 2844 verbis
1007 2780 1164 2845 eamdem·
1179 2804 1246 2844 rem

210 2894 315 2945 narrat
338 2882 505 2968 Polyaenus
519 2883 562 2945 V.
579 2901 610 2946 ν.
625 2901 658 2967 3.
696 2883 734 2945 ln
758 2881 847 2946 finrili
867 2903 985 2967 genere
1008 2883 1050 2946 esi
1066 2881 1144 2967 quid
1159 2882 1246 2968 apud

208 2984 362 3048 Senecam
384 2984 437 3047 De
458 2982 625 3047 Beneficiis
648 2982 786 3064 111.27:
813 2982 912 3067 Rufus
928 2983 979 3044 vir
997 2984 1107 3047 ordinis
1119 2986 1245 3068 senato-

207 3082 438 3171 rii-Caesarem
452 3096 488 3147 ut
507 3083 664 3170 ignosceret
673 3083 737 3168 fibi
753 3082 918 3169 rediretque
933 3083 964 3146 in
982 3084 1119 3171 gratiam
1130 3085 1246 3168 secum,

206 3186 342 3273 rugavit.
381 3185 455 3250 cram
476 3185 594 3271 dixiffet
610 3186 648 3269 se
671 3185 774 3272 Caesar
783 3184 909 3269 facere3
940 3191 963 3223 “
979 3186 1108 3264 Nemo,'’
1135 3185 1245 3273 inquit,

209 3292 234 3329 ‘¹
250 3287 346 3351 credet
364 3297 393 3349 te
411 3310 519 3350 meeum
536 3287 568 3348 in
586 3286 722 3372 gratiam
741 3285 843 3371 rediffe
857 3285 914 3370 nisi
926 3285 1046 3372 aliquid
1064 3286 1136 3348 mibi
1150 3287 1246 3350 dona-

209 3396 232 3431 “
247 3389 327 3453 veris
337 3389 371 3467 ;”
397 3389 529 3475 petitque
541 3408 600 3451 non
611 3386 830 3475 fastidiendam
845 3410 865 3448 a
879 3387 1006 3473 propitio
1018 3388 1188 3473 stammam
1212 3403 1247 3453 et

207 3488 401 3577 impetravit.

250 3615 284 3680 p.
302 3593 374 3675 176.
390 3591 432 3653 A.
461 3587 516 3674 est]
542 3589 594 3652 De
611 3590 690 3673 Rep.
706 3587 781 3652 Seni
796 3588 945 3652 Gerenda
958 3609 989 3673 p.
1007 3606 1082 3672 792.
1100 3587 1148 3650 C:
1173 3595 1245 3651 Διο-

207 3695 294 3769 νύσιος
308 3696 334 3757 δὲ
351 3699 363 3757 ὁ
380 3690 566 3779 πρεσὸύτεςος
580 3693 651 3777 πρὸς
664 3693 709 3754 τὸν
724 3692 881 3773 πυθόμενον
900 3697 921 3754 εἰ
939 3692 1070 3778 genuisti,
1086 3691 1244 3772 Μηδέποτε,

205 3798 288 3876 εἶπεν,
305 3797 363 3878 ἐμοὶ
378 3801 457 3857 τοῦτο
473 3791 608 3875 ονμὸαίη.
745 3863 753 3879 .

251 3901 323 3984 176.
339 3899 381 3961 A.
405 3895 433 3959 ν’.
455 3896 513 3959 Δύο
535 3897 562 3958 ii
582 3894 703 3968 ἀκούσας
724 3894 1122 3982 νεανίσκους-προαιρέσεως]
1152 3893 1243 3959 Hinc

205 4002 245 4069 ad
270 4001 400 4066 verbum
424 3997 583 4084 descripsit
606 3998 640 4062 S.
660 3996 825 4068 Antonius
848 3997 881 4063 in
908 3997 1083 4062 Sententiis
1109 4019 1143 4084 p.
1167 4000 1241 4065 260.

132 4109 135 4116 “
204 4099 558 4170 edit.stob.weche1·.

251 4207 323 4292 176.
339 4206 378 4270 B.
394 4201 460 4290 νβ]
484 4202 639 4291 Dionysio
658 4225 733 4267 cum
758 4202 930 4284 Corintho,
953 4215 991 4267 ut
1012 4201 1243 4289 Syracusarum
