2692 4770
279 291 333 349 DE
354 291 672 355 SUPERSTITIONE.
693 312 722 370 p.
731 295 796 354 1166.
805 293 843 352 Α.
1000 301 1075 366 1007

52 450 248 540 conjeslura‚
272 453 420 542 sulphure
443 468 471 520 tc
494 456 602 521 circum
624 457 758 544 expient.-
786 455 923 520 utribus
940 455 1082 543 fontibus

53 554 155 619 Petita
177 579 257 641 aqua
279 556 549 644 cirmmsperguris:
579 580 639 623 nec
661 572 767 623 tamen
792 557 865 622 ideo
890 579 959 622 eam
984 558 1083 622 ausim

54 654 313 722 emendationem
335 657 462 722 dicere:
487 658 640 745 liquidem
657 659 787 746 vulgata
801 657 907 737 tedio,
925 657 982 737 Kal
996 684 1082 745 σιρι-

54 757 180 822 θίτοοσαν
193 763 247 823 άπὸ
261 769 339 846 τριῶν
355 770 468 847 κρουνῶν
487 761 567 850 ὕδωρ.
600 762 696 848 Τούτῳ
716 761 887 847 στεριῤῥάνας,
907 773 942 825 et
959 783 979 824 a
992 759 1082 825 codi-
1104 832 1107 837 ,

54 882 130 925 cum
146 861 336 927 audioritatc
351 862 442 927 nobi‘s
457 862 573 927 tradita
586 863 641 941 cst,
657 884 760 948 neque
773 861 820 925 vel
843 884 861 924 a
883 883 988 925 rerum
1007 883 1083 946 pro·

54 960 202 1047 prietate‚
227 977 284 1027 aut
307 963 459 1028 orationis
484 963 628 1029 bonitate
655 964 814 1042 abhorret,
840 976 878 1026 ut
903 964 1084 1029 Menandro

52 1062 188 1150 indigna
202 1066 320 1131 censeri
334 1066 468 1131 debeat:
493 1068 540 1131 Et
554 1068 770 1152 circumponunt
783 1066 838 1128 tibi
852 1088 886 1129 ex
900 1066 995 1129 tribus
1004 1067 1084 1152 fon·

56 1163 135 1227 tibus
148 1190 278 1252 squama
303 1167 374 1231 Hac
388 1168 592 1257 crispergaris:
614 1167 834 1254 accipiendum
849 1188 889 1231 ex
907 1167 1029 1232 ratione
1043 1167 1084 1232 il-

55 1265 118 1329 lius
139 1267 307 1354 Virgiliani
328 1271 405 1334 AEn.
420 1272 479 1336 VI.
496 1289 568 1357 229.
592 1271 674 1334 Idem
696 1270 845 1356 ursocius
861 1283 940 1355 pura
960 1270 1084 1332 circum·

56 1359 129 1432 tulit
146 1371 242 1449 unda,
265 1370 415 1460 Spargens
435 1396 500 1436 rore
515 1371 577 1436 levi
597 1384 624 1436 a!
645 1395 726 1436 ramo
737 1371 841 1459 filicis
862 1371 964 1436 olivae.
1005 1373 1084 1435 Mu·

55 1468 149 1532 lieres
171 1469 233 1533 istae
255 1472 444 1561 άσιμάκτςιας
470 1474 542 1537 sunt
571 1470 692 1537 Polluci
714 1469 792 1536 VII.
818 1471 889 1535 188.
933 1470 1085 1535 Nostrum

56 1567 167 1632 locum
183 1592 247 1633 non
263 1572 404 1658 neglexit
428 1573 466 1637 Is.
484 1573 690 1638 Casaubonus
710 1571 751 1637 ad
767 1571 974 1658 Theophrasti
997 1569 1085 1636 Cha·

59 1671 137 1735 rad.
161 1674 391 1756 Δεισιδαιμονίας,
414 1673 531 1760 quide
556 1674 606 1738 his
628 1673 810 1739 nominibus
836 1687 871 1737 et
896 1673 1087 1738 lustrationis

57 1772 180 1836 ratione
201 1795 311 1860 agens,
334 1774 415 1839 illud
428 1797 556 1861 quoque
576 1797 680 1863 genus
698 1775 818 1861 attigit,
834 1773 920 1860 quod
936 1774 1086 1859 sulphure

59 1897 96 1939 ac
113 1876 203 1940 taedis
219 1877 285 1941 fieri
301 1876 430 1942 solebat.
467 1879 585 1942 Rarum
600 1875 652 1941 sed
670 1878 805 1961 probum
818 1881 998 1962 crepidarum
1011 1897 1086 1960 pro-

59 1973 141 2040 didit
156 1976 349 2064 Hesychius,
372 1991 406 2042 et
426 1998 544 2040 nomen
566 1976 742 2063 σεριθείοισιι
757 1977 802 2040 Η.
819 1975 999 2060 Stephanus
1014 1973 1087 2038 Ind.

58 2076 153 2141 Thes.
172 2080 265 2159 1640.
290 2101 329 2143 ex
349 2076 489 2142 Platonis
510 2076 644 2164 Cratylo
658 2098 691 2162 p.
707 2078 780 2143 266.
797 2077 844 2140 B:
868 2081 892 2139 oi
905 2077 1088 2161 καθαρμοὶ-

58 2179 106 2241 καί
120 2185 150 2242 ai
162 2182 219 2253 τοῖς
231 2183 371 2262 μαντικοῖς
384 2178 572 2266 περιθειώσεις
584 2204 616 2242 τι
629 2179 651 2264 ‘lt
666 2177 770 2263 λοιίτρα
781 2182 820 2240 τοὶ
839 2180 865 2242 ἐν
879 2181 935 2251 τοῖς
947 2176 1087 2256 τοιούτοις,

59 2282 108 2342 καὶ
125 2286 154 2342 al
166 2282 365 2367 στεριῤῥάνσεις.
691 2351 694 2358 ,
787 2346 791 2351 ,

106 2383 176 2445 166.
192 2383 248 2445 A.
258 2382 387 2461 βατίίσον
400 2384 515 2446 ’σεαοτδν
533 2386 568 2457 είς
584 2382 751 2469 θάλασσαν,
770 2383 792 2468 ιδ,
809 2380 931 2455 καθίσας
952 2386 978 2444 ἐν
998 2385 1032 2466 τῇ
1050 2386 1088 2466 γῇ

60 2482 255 2570 διημέρευσον]
275 2485 368 2548 Mare
379 2484 625 2549 efficaciffimum
638 2483 678 2547 ad
692 2483 908 2548 lustrationem
923 2481 1001 2546 olim
1016 2505 1086 2546 crc-

61 2583 207 2648 debatur.
243 2587 315 2650 Jam
335 2584 503 2672 Euripides
526 2586 675 2672 iphigen.
696 2587 792 2650 Taur.
810 2603 914 2671 1192:
938 2584 1091 2649 Θάλασσα

61 2687 153 2769 κλύζει
167 2687 267 2751 πάντα
285 2690 309 2750 τ’
325 2687 472 2772 ἀνθρώπων
487 2686 574 2751 κακά·
599 2687 654 2751 ubi
666 2686 728 2750 alia
744 2685 840 2773 hujus
855 2685 1013 2772 opinionis
1028 2686 1089 2751 do·

62 2802 213 2853 curnenta
235 2802 326 2854 notat
348 2788 572 2875 Musgravius:
595 2787 755 2872 Euripidis
768 2786 891 2852 didum
912 2801 1093 2854 memorant

62 2905 95 2954 ct
115 2888 281 2976 Diogenes
303 2892 408 2954 Laert.
434 2890 547 2973 111.7.
569 2901 604 2954 et
624 2888 805 2953 Eustathius
826 2888 868 2952 ad
890 2889 928 2952 Il.
949 2890 992 2953 A.
1014 2909 1091 2974 314.

63 3012 96 3076 p.
111 2991 192 3054 108:
217 2991 363 3055 Stobaeus
377 2991 442 3055 Tit.
459 2991 517 3056 IV.
540 3011 574 3076 p.
587 3005 642 3074 53.
657 2989 712 3074 qui
734 2989 798 3053 hoc
812 2989 954 3054 scholion
974 2989 1090 3057 habet:

63 3091 171 3178 φίρετας
192 3093 219 3154 δὲ
246 3096 282 3166 είς
308 3093 369 3166 τοὺς
395 3090 600 3174 δεισιδαίμονας,
628 3090 653 3153 οδ
680 3090 815 3177 θαλάσσῃ
840 3090 1090 3178 τεριιιαθαίςοπας·
1154 3108 1160 3117 ’

63 3190 150 3277 quod
171 3191 360 3276 interpretes
382 3190 463 3254 miro
482 3212 587 3254 errore
609 3201 773 3275 tamquam
788 3203 912 3274 partem
929 3189 1091 3253 sententiae

64 3294 243 3380 Euripidem
266 3293 482 3358 reddiderunt.
520 3293 572 3357 Sic
587 3314 659 3356 reus
674 3290 770 3356 coedis
791 3306 824 3356 et
845 3291 930 3372 exul,
954 3292 1093 3358 Platonis

64 3396 219 3461 sententia
233 3398 315 3482 Leg.
330 3397 390 3458 lX.
406 3417 439 3481 p.
452 3396 473 3459 6
472 3411 526 3478 57.
542 3394 582 3458 C.
599 3393 804 3477 σκηνωσάμενος
817 3397 844 3458 ὃν
857 3393 978 3480 θαλάτίῃ
992 3392 1093 3479 τίγίοιν

64 3499 124 3572 τοὺς
137 3498 173 3560 τί
178 3500 237 3577 δας,
251 3502 324 3563 οιλέν
340 3493 549 3579 ίτιφολατίίτοο.
584 3494 736 3585 Diphilus
757 3494 972 3559 lustrationem
997 3498 1092 3561 Proe-

64 3598 168 3663 tidum
197 3620 327 3662 narrans
350 3597 435 3683 apud
462 3596 664 3661 Clementem
689 3597 782 3662 Alex.
809 3597 928 3660 Strom.
951 3598 1029 3664 VII.
1059 3619 1093 3687 p.

66 3702 140 3781 844.
168 3701 254 3765 unde
278 3700 410 3764 Grotius
435 3698 468 3762 in
493 3701 641 3785 Excerpt.
666 3697 760 3764 Com.
784 3720 818 3785 p.
836 3715 913 3786 797:
945 3699 1096 3787 Προιτίδας

64 3801 182 3886 ἁγνίζων
199 3801 412 3888 κοιίςας-Δαδδ
430 3806 483 3887 μιᾷ
504 3798 608 3886 σκίλλῃ
622 3826 652 3862 τι
670 3806 734 3886 μιᾷ,
749 3799 822 3862 τίσα
836 3799 965 3885 ,σώματα
985 3802 1093 3883 φώτων,

65 3902 141 3987 Θείῳ
155 3906 179 3965 τ’
194 3905 332 3987 ἀσφάλτῳ
350 3929 381 3965 τι
399 3900 618 3986 ωολοφλοίσάοιο
637 3901 799 3979 θαλάσσης,
811 3903 866 3978 Ἐξ
884 3903 1095 3988 οἰιιαλαῤῥτίταοι

64 4004 216 4090 βαθυῤῥίου
237 4006 390 4066 Ὠκιανοῐο·
412 4002 470 4067 ubi
491 4024 596 4066 nicam
618 4001 824 4087 suspicionem
845 4001 1048 4089 ωολιιφλοίσάῳ
1063 4030 1095 4068 τε

66 4106 200 4191 θαλάσσῃ
216 4105 436 4169 confirmatam
450 4104 553 4190 reperi
567 4103 729 4192 Sylburgii
742 4103 938 4191 praejudicio.
992 4121 994 4124 ’

113 4209 185 4274 166.
199 4208 242 4274 Α.
253 4201 298 4270 Ὦ
310 4202 429 4294 scipsa(
441 4205 733 4294 sisagriam—xatas]
760 4207 871 4295 Eurip.
880 4207 996 4275 Troad.
1006 4224 1081 4296 759.
1186 4201 1192 4212 ⁸
