2692 4770
152 305 230 359 1150
341 298 380 356 D.
390 298 442 357 W.
464 298 673 357 ANIMADV.
694 297 741 357 IN
763 297 1000 359 PLUTARCHI

195 479 269 527 210.
284 460 322 523 B.
346 458 421 546 κγ’.]
448 459 549 541 Hinc,
572 475 629 527 aut
650 484 690 526 ex
711 460 877 527 communi
893 460 986 527 sonte
1001 461 1116 527 sumat
1137 462 1201 529 Εἰ

150 560 255 626 lianua
273 563 351 627 Var.
368 563 449 628 Hist.
463 564 541 629 VII.
560 584 597 650 13
613 590 622 629 ι
644 563 819 648 Ἀγησίλαος
833 571 846 628 ὁ
859 564 1093 651 martaniam,
1109 565 1199 652 ylpae

149 663 197 741 ἤδη
216 663 264 744 ὥν,
274 664 438 740 -ἀιυπᾶδετος
452 667 598 742 πολλάκις
613 665 659 743 καὶ
672 666 782 753 ιἰχίτιιιι
791 667 893 755 προῄει,
907 668 953 731 τὸν
967 665 1097 755 reliam
1110 694 1198 755 mpr-

151 761 322 847 ἕαλλὸμινος
343 769 437 845 αὐτὸν,
458 765 504 845 mi
520 775 613 831 ταῦτα
634 770 740 842 lotheris
763 773 789 831 ir
808 765 865 855 ὥρᾳ
882 767 1031 855 χειμερίῳ·
1055 767 1198 853 ᾐτιάσατο

151 864 179 928 δι’
192 892 233 942 τις
247 870 341 946 αὑτὸν,
356 869 391 943 ὥς
405 870 585 956 ιιαιικιὶιτεςα
603 875 651 945 τῆς
671 869 781 947 ἡλικίας
798 873 1000 955 ἐπιχειροῦντα·
1025 875 1040 933 6
1055 871 1100 949 δὲ,
1113 870 1198 935 Ἀλλ’

151 969 180 1031 cl
196 995 232 1052 γι
251 968 312 1046 rior,
331 972 409 1050 φησὶ,
429 979 483 1035 τῶν
503 976 643 1050 Ιωολιτὸιιι,
657 973 794 1059 &arguit
808 979 904 1034 πῶλοι
923 973 999 1058 πρὸς
1012 974 1063 1037 τὸν
1081 971 1199 1053 tim,

107 1112 111 1123 ·
148 1069 341 1135 ἁποὸλέπεσιι
355 1070 416 1155 ἐμέ.
454 1075 628 1158 Spartanos
650 1072 725 1136 inde
746 1094 766 1135 a
788 1071 982 1138 duodecimo
1006 1074 1118 1140 aetatis
1136 1075 1198 1141 fiae

150 1172 271 1253 tunica,
286 1160 440 1239 sola'cum
456 1175 535 1239 velle
554 1174 721 1253 exteriore,
743 1173 872 1262 degisse,
892 1175 1016 1240 constat
1033 1178 1197 1241 Veterum

150 1275 348 1355 testimoniis,
363 1300 435 1364 quae
457 1278 604 1364 apposuit
627 1277 763 1364 Cragiua
782 1278 833 1341 De
850 1279 930 1364 Rep.
944 1278 1070 1344 Laced.
1086 1279 1152 1344 111.
1165 1280 1197 1343 ⁶.

152 1395 184 1444 2.
208 1399 240 1464 p.
258 1397 331 1463 252.
368 1381 410 1444 Et
426 1379 688 1467 philosophorum
702 1378 931 1466 quorumdam,
945 1381 977 1446 in
993 1382 1113 1468 primia
1129 1382 1196 1470 cy-

152 1478 312 1558 nicorum,
334 1480 423 1545 hunc
445 1480 535 1546 fuisse
557 1504 693 1560 morem,
716 1495 913 1548 annotarunt
927 1482 967 1547 ad
986 1482 1117 1551 AEl’nni
1135 1482 1196 1549 l.l.

152 1579 355 1667 interpretes,
370 1596 403 1646 et
418 1604 477 1646 nos
490 1582 565 1647 alibi
581 1582 777 1648 notabimus.

196 1700 271 1750 210.
288 1683 326 1748 B.
349 1681 416 1769 κδ’.]
443 1686 490 1749 Ex
504 1684 709 1771 Theopompi
731 1685 980 1771 Philippicorum
995 1683 1083 1753 libro
1099 1688 1196 1753 Xlll.

151 1796 187 1850 et
209 1785 452 1851 Hellenicorum
475 1787 536 1851 xl.
559 1785 670 1851 retulit
692 1787 777 1853 hanc
803 1808 870 1851 rem
893 1787 1078 1854 Athenaeua
1103 1791 1196 1857 xlv.

152 1907 186 1973 p.
198 1888 274 1974 657.
289 1890 316 1953 B
330 1912 338 1952 t
363 1887 504 1953 indidem
521 1888 614 1953 fluxit
629 1887 671 1953 ad
685 1888 850 1954 AElianum
864 1889 942 1953 Var.
959 1890 1041 1954 Hist.
1060 1892 1128 1958 111.
1144 1912 1197 1959 ac.

151 1992 209 2078 qui
224 2007 449 2078 excerptorum
469 1992 650 2057 temeritate
673 1992 705 2057 in
729 1991 925 2080 Lysandrum
947 2005 981 2057 et
1002 1994 1103 2061 lonea
1118 2017 1195 2061 cou-

152 2093 240 2160 tulit.
279 2095 374 2159 Plane
388 2094 556 2181 geminum
570 2093 711 2181 Agesilai
723 2094 811 2180 apud
824 2094 1002 2183 AEgyptioa
1022 2098 1195 2185 negotium

151 2213 260 2263 narrat
276 2197 466 2264 Plutarchus
485 2199 518 2263 in
534 2198 653 2286 Agesil.
677 2218 711 2283 p.
726 2200 802 2264 616.
819 2201 854 2264 F.
890 2199 990 2264 Corn.
1007 2201 1127 2288 Nepoa
1145 2204 1195 2268 A·

150 2298 239 2387 gefil.
256 2300 350 2364 VlII.
365 2319 406 2384 33
430 2320 490 2364 nec
515 2299 702 2365 incredibile
722 2301 777 2380 est,
802 2300 948 2366 eamdem
971 2300 1003 2366 ei
1025 2324 1098 2369 rem
1118 2304 1195 2370 aliar

151 2400 238 2488 apud
252 2398 333 2466 alios
347 2399 492 2466 accidere
507 2399 653 2487 potuisse.

196 2522 270 2570 210.
285 2504 329 2569 D.
359 2501 430 2587 urst]
463 2501 760 2569 Animadvertimus
788 2502 820 2566 in
848 2503 1021 2590 Apophth.
1049 2507 1135 2594 Reg.
1162 2520 1195 2573 et

151 2606 239 2671 Duc.
257 2626 290 2691 p.
306 2625 379 2691 191.
393 2607 436 2671 D.
451 2605 589 2692 Agesilai
605 2604 655 2684 ιβ.
693 2607 767 2669 Ηοο
790 2605 863 2668 loco
884 2604 979 2669 aliam
1003 2606 1196 2694 scripturam

152 2709 275 2795 praebet
298 2709 390 2775 Harl.
409 2710 556 2783 -εἰκὸιας
577 2714 672 2795 ἀιιςᾷν
694 2708 772 2787 δέκα,
796 2705 993 2795 προέγραψεν,
1015 2710 1109 2790 'Erech
1130 2713 1197 2793 μηδὲ

152 2810 229 2874 εἰκὼν
247 2811 301 2893 μία
319 2813 386 2892 μηδὲ
405 2812 594 2896 ypaallr-x.
606 2837 637 2874 τ.
652 2824 683 2873 λ.

196 2932 269 2977 210.
287 2915 325 2974 E.
349 2911 421 2996 2132]
448 2914 485 2976 In
503 2910 578 2976 Vita
596 2911 740 2999 Lycurgi
763 2933 796 2998 p.
810 2928 865 2995 47.
884 2911 924 2975 C.
947 2925 980 2975 et
996 2910 1109 2976 iisdem
1126 2935 1196 2976 ver·

151 3015 201 3079 bie
215 3015 247 3077 in
262 3012 433 3098 Apophth.
447 3015 523 3077 Lac.
541 3035 573 3098 p.
588 3033 661 3097 217.
692 3012 902 3100 Leotychidae
919 3013 987 3100 regi
1003 3013 1170 3079 tribuitur.

195 3135 269 3183 210.
287 3117 325 3178 E.
349 3113 420 3199 xyst]
444 3114 612 3179 Simillima
635 3117 708 3180 sunt
729 3115 891 3179 Laconica
912 3138 944 3200 p.
963 3136 1036 3201 190.
1054 3116 1095 3181 E.
1123 3136 1197 3201 217.

152 3223 191 3284 E.
216 3222 289 3287 218.
306 3222 344 3283 E.
370 3237 441 3305 229.
460 3218 499 3281 C.
525 3219 598 3302 267.
615 3218 656 3281 C.
682 3233 716 3281 et
734 3216 820 3304 apud
841 3218 1009 3282 Theonem
1034 3220 1198 3309 Progym-

152 3323 287 3387 nasmat.
304 3321 363 3386 Vl.
389 3341 421 3406 p.
438 3337 499 3403 71:
520 3319 635 3399 Λάκων,
656 3318 767 3405 ipopive
783 3322 853 3394 τινὸς
872 3321 966 3397 αὑτὸν,
981 3329 1041 3384 ποῦ
1055 3324 1121 3397 τοὺς
1135 3322 1200 3411 ὅςυς

149 3432 198 3499 τῆς
219 3431 271 3508 γῆς
290 3423 390 3508 ἔχωσιν
403 3421 614 3503 Λακεδαιμόνιοι
620 3446 631 3501 3
654 3421 734 3500 ἔδειξε
745 3423 777 3483 τὸ
791 3421 863 3508 δόρυ.
896 3421 1020 3508 Artigit
1034 3424 1200 3490 Meurllus

153 3525 290 3589 Miscell.
306 3527 428 3589 Lacon.
445 3525 490 3586 ll.
508 3542 538 3588 2.
554 3545 588 3609 p.
604 3544 658 3608 94.

196 3647 270 3693 210.
286 3629 326 3690 Ε.
355 3626 414 3690 κδ’.
437 3626 491 3711 λ’.]
526 3627 587 3690 Res
615 3624 804 3711 pervulgata
825 3626 980 3689 Veterum
1003 3624 1125 3691 dictis:
1157 3626 1199 3692 de

149 3729 268 3816 quibua
292 3728 459 3813 complura
482 3726 618 3813 apponit
644 3726 782 3813 Cragius
807 3727 859 3790 De
885 3728 963 3812 Rep.
989 3727 1111 3792 Laced.
1134 3730 1198 3794 111.

151 3851 183 3898 a.
201 3833 233 3893 6.
250 3853 284 3916 p.
297 3849 376 3914 203²
401 3830 517 3915 quibus
532 3827 723 3894 adhibeatur
738 3827 829 3892 Plato
843 3830 993 3914 Leng.
1011 3851 1044 3914 p.
1060 3832 1141 3912 624.
1158 3835 1198 3897 Ε.

151 3936 234 3999 Haec
248 3930 378 4019 quidem
395 3930 538 4019 Lycurgi
553 3930 710 3995 sententia
724 3928 755 3992 in
771 3929 842 4016 ejus
854 3930 930 3994 Vita
942 3952 976 4016 p.
986 3949 1063 4015 524.
1076 3948 1112 3995 et
1125 3934 1198 3999 An·

150 4035 277 4100 taleidae
301 4055 334 4120 p.
352 4053 426 4117 217.
443 4036 481 4097 E.
504 4032 653 4119 praesonti
675 4031 739 4095 hoc
762 4031 836 4096 loco
858 4032 1061 4097 conl'omrata
1082 4035 1200 4100 viden·

152 4154 205 4203 tur
219 4138 259 4202 ad
274 4135 500 4201 Demosthenis
520 4134 661 4198 nobilem
677 4134 879 4213 sententiam,
895 4133 989 4221 cujus
1005 4135 1070 4220 ipse
1084 4160 1200 4203 exem-

151 4242 244 4330 plum
266 4243 414 4327 Spartam
440 4239 495 4304 fibi
509 4236 702 4324 proposuille
725 4236 870 4301 videtur:
898 4235 930 4299 in
947 4238 1042 4302 Orat.
1058 4239 1113 4303 De
1131 4241 1200 4307 Co·
