2692 4770
237 280 315 335 tost
422 273 461 334 D.
472 275 524 334 W.
544 266 750 335 ANutAnvl
772 275 818 334 nt
838 273 1069 334 PLUTARCHI

228 434 354 524 pheifias
383 433 512 502 subinde
540 454 733 503 memoratur
763 437 945 515 Veteribus,
973 448 1012 500 ut
1040 443 1195 498 notarunt
1223 432 1259 498 P.

232 536 415 621 Leopardus
437 538 572 602 Emend.
597 541 655 604 tx.
678 559 728 605 21.
751 553 784 603 et
805 538 992 623 interpretes
1013 533 1169 620 Diogenis
1192 535 1260 599 12·

231 634 301 700 ertii
324 638 400 701 VII.
420 657 490 704 212,
512 638 603 704 Harl.
626 654 743 704 temere
766 639 822 703 dat
843 637 1019 717 Σκαφησίας.
1055 634 1260 722 Antigenidas

231 736 401 802 Plutarcho
423 761 496 803 mox
518 761 550 826 p.
568 760 640 825 193.
657 743 691 805 F.
717 741 767 805 De
784 743 913 804 Fortun.
928 740 1021 804 Alex.
1037 753 1112 822 335.
1129 737 1172 799 A.
1204 738 1258 800 A.-

229 836 430 902 thenaeo'IV.
448 859 519 924 131.
538 841 574 903 B.
606 843 696 906 XIV.
713 845 787 929 631.
804 843 837 905 F.
860 840 950 925 plura
964 839 1107 902 dicemus
1128 857 1161 922 p.
1181 853 1256 920 193.

229 939 265 1003 F.
303 938 429 1025 Satyrus
454 940 582 1005 AEiiano
606 943 683 1007 Var.
711 942 791 1006 Hit.
817 941 878 1006 III.
900 960 954 1027 33.
992 940 1106 1023 Python
1130 936 1258 1002 fortafl'e

227 1037 325 1104 fuerit
343 1039 473 1107 1111111111
490 1043 575 1122 Enii,
591 1042 709 1130 dequo
728 1043 864 1108 diximus
879 1066 912 1129 p.
927 1043 999 1106 180.
1015 1043 1049 1104 F.
1085 1039 1149 1105 Sed
1169 1038 1256 1104 diffi-

227 1140 287 1205 cile
302 1143 344 1206 est
358 1143 416 1207 hos
432 1144 588 1225 homines,
605 1145 747 1233 quamvis
764 1144 864 1210 claros
882 1143 1042 1221 tibicines,
1058 1141 1090 1206 itt
1104 1140 1255 1206 eamdem

226 1255 354 1308 etatem
369 1244 542 1311 includere.

253 1345 342 1439 1¹⁸4·
358 1347 397 1411 C.
442 1344 461 1409 '.
482 1345 559 1411 'Fari
580 1349 606 1410 tt
625 1344 830 1431 συμέαλῶμ]
857 1347 906 1409 Ex
926 1341 1098 1408 Plutarcho
1119 1341 1152 1410 in
1174 1342 1254 1410 vrrs

87 1541 91 1548 ,
224 1446 336 1532 Pyrrhi
354 1468 386 1532 n·
401 1451 530 1531 sorss·

269 1548 340 1626 184.
358 1545 398 1610 C.
420 1547 454 1609 δ’.
474 1548 552 1611 ’End
567 1549 593 1610 δὲ
607 1547 795 1631 Σικελῖας-]
822 1545 968 1611 Indidem
982 1544 1156 1632 3139811.

268 1646 340 1726 184.
355 1647 398 1710 D.
422 1646 453 1710 ν’.
474 1651 536 1710 Τῶν
549 1649 576 1711 bi
592 1649 803 1735 ςςατιωνῶμ]
831 1646 975 1712 Indidem
999 1666 1032 1730 p.
1046 1645 1121 1731 388.
1138 1645 1177 1709 Β.

269 1747 340 1828 184.
356 1747 400 1810 D.
413 1746 459 1841 ς’.
477 1749 670 1833 Ἀκοὺσας-]
698 1747 842 1813 Indidem
857 1771 890 1834 p.
900 1749 975 1833 387.
988 1749 1022 1810 F.
1038 1745 1178 1832 plenius,
1192 1744 1253 1809 ad·

224 1845 294 1910 dito
314 1846 411 1911 etiarn
433 1848 531 1927 exitu,
547 1849 602 1936 qui
623 1849 674 1913 hic
692 1848 902 1913 defideratur:
925 1849 986 1920 τοὺς
1001 1849 1073 1934 σας·
1088 1845 1255 1910 11111ιύ1811

222 1949 442 2034 λοιδορήσαντας,
462 1950 522 2013 sira
545 1950 732 2036 ἐλεγχομὲνες
750 1951 883 2038 ἠρώτησεν
904 1955 927 2013 εἰ
946 1956 1039 2013 ταῦτα
1059 1949 1151 2026 tirou
1176 1956 1252 2014 eso·

222 2050 367 2135 κρνναμένε
381 2053 408 2114 di
423 2060 476 2114 reis
490 2051 634 2115 νεανίσκων
648 2055 713 2131 ἑνὸς,
726 2056 843 2129 Ταῦτα(
859 2048 881 2114 cI
897 2054 1037 2132 beaturi,
1046 2049 1165 2115 tunium
1179 2054 1201 2113 δ’
1216 2049 1253 2115 dr

219 2150 322 2213 τούτων
342 2152 499 2238 sigimunt,
521 2157 544 2215 ti
564 2153 670 2216 πλέων
689 2159 784 2240 παρῆν
805 2152 870 2227 οἶνος
891 2156 963 2235 ἡμῖν·
988 2153 1117 2236 pendeus
1134 2159 1249 2232 inpium

219 2251 375 2318 Disertius
388 2253 484 2317 etiam
503 2267 537 2317 et
559 2255 686 2318 uberius
705 2254 852 2319 Valerius
875 2256 964 2320 Max.
987 2256 1030 2320 V.
1058 2274 1088 2317 1.
1112 2257 1185 2320 Ext.
1202 2260 1254 2342 32'

219 2351 325 2443 AEque
344 2355 422 2418 mitis
443 2356 559 2419 animus
582 2356 691 2445 Pyrrhi
709 2356 799 2443 regis.
835 2356 1000 2434 Audierat,
1023 2358 1163 2443 quosdam
1183 2357 1249 2421 Ta·

218 2455 397 2520 sentinarum
407 2457 443 2520 in
456 2456 590 2521 convivio
608 2472 718 2544 parurn
732 2458 904 2521 honoratum
917 2458 954 2519 de
963 2458 1002 2544 se
1011 2458 1175 2544 sermonem
1190 2460 1249 2522 ba·

220 2557 327 2644 buiffe3
360 2556 514 2643 areeffitos,
537 2557 588 2643 qui
612 2557 638 2620 ei
660 2556 867 2642 interstrerant,
890 2557 1128 2644 percontabatur,
1149 2584 1192 2622 an
1213 2585 1253 2624 ea

219 2683 289 2748 quae
307 2660 350 2722 ad
368 2685 454 2723 anns
470 2661 531 2744 ejus
551 2669 756 2742 pervenerant,
773 2659 920 2744 dixiffint.
958 2658 1035 2721 Turn
1048 2683 1082 2722 ex
1096 2660 1140 2723 bis
1156 2684 1250 2740 umes,

218 2767 244 2801 “
258 2759 360 2846 Nisi,'’
384 2760 491 2847 inquit,
515 2767 538 2800 “
548 2760 652 2824 vinum
665 2759 748 2822 nobis
764 2758 914 2847 difea'ffet,
928 2758 938 2820 i
962 2784 981 2821 a
996 2784 1066 2847 quae
1080 2760 1134 2823 tibi
1149 2762 1250 2825 relata

217 2864 333 2949 “stunt
355 2875 421 2947 prae
441 2862 489 2939 iis,
512 2885 580 2948 quae
604 2864 639 2924 de
661 2873 688 2923 te
711 2859 835 2923 locuturi
860 2885 986 2935 namus,
1011 2862 1089 2949 lusus
1110 2887 1145 2925 ae
1155 2864 1249 2950 jocus

215 2962 405 3048 “fuiffenff'
443 2963 517 3025 Tam
532 2962 648 3024 urbana
666 2961 798 3046 crapulae
816 2962 969 3046 excusatio,
988 2973 1105 3047 tamque
1114 2963 1251 3051 fimpleae

215 3065 352 3130 veritatis
366 3062 495 3149 confifflo
511 3064 585 3125 iram
603 3061 681 3148 regis
696 3062 838 3125 conuertit
857 3062 889 3125 in
906 3064 933 3125 ri
945 3064 1005 3126 iem.
1045 3063 1113 3148 Qua
1128 3065 1248 3149 quidm

214 3166 365 3230 clementio
381 3178 407 3227 et
421 3164 613 3228 mederatione
626 3164 766 3249 assecutus
785 3161 834 3249 est,
852 3175 885 3226 ut
903 3176 930 3226 et
941 3163 1037 3249 sobrii
1047 3163 1112 3249 sibi
1127 3164 1246 3230 Taren·

216 3269 271 3333 tini
282 3268 402 3355 gratias
417 3279 549 3352 agerent,
565 3278 592 3327 et
607 3265 678 3327 ebrii
694 3265 763 3326 bene
779 3277 977 3350 precarentur.

260 3373 333 3450 184.
348 3371 390 3432 D.
419 3368 657 3448 An'Tloxtrn]
691 3367 765 3428 Non
788 3364 843 3429 suo
867 3365 938 3443 Ioco
961 3363 1102 3448 ponitur,
1125 3365 1247 3452 quippo

214 3468 452 3556 subjungendus
478 3480 546 3530 erat
570 3466 694 3529 duobus
722 3465 813 3550 supra
844 3465 1027 3528 memoratis
1057 3466 1244 3534 Antiochis.

215 3573 313 3635 Hunc
335 3570 394 3634 esse
417 3567 615 3633 Antiochum
630 3568 707 3631 VII.
727 3564 918 3654 cognomine
934 3565 1072 3642 Sideten,
1090 3589 1128 3630 ex
1145 3569 1245 3634 rebus

214 3672 255 3736 de
269 3694 308 3734 co
322 3670 450 3734 narratis
464 3681 605 3754 apparet.

259 3773 329 3852 184.
347 3772 389 3833 D.
412 3768 450 3833 α’.
473 3775 486 3831 ὁ
508 3768 662 3855 §parebant
685 3766 800 3852 δεύτερον
824 3768 866 3829 tri
888 3767 1025 3855 Πᾶςθες]
1052 3767 1173 3832 Μίτυῐυ
1198 3774 1244 3837 est

212 3891 286 3938 etttn
304 3873 362 3935 hac
378 3884 464 3948 uota,
486 3871 510 3934 is
530 3870 581 3956 qui
603 3869 708 3931 iterum
728 3868 759 3930 in
780 3870 905 3932 Parthos
926 3870 1134 3956 expeditionem
1147 3870 1242 3956 feeit,

213 3974 386 4062 fignificari.
424 3975 460 4036 In
483 3970 683 4056 expeditione
704 3968 849 4033 adversus
870 3970 1000 4033 Parthos
1023 3993 1096 4034 euin
1117 3972 1241 4053 obiitse,

212 4078 350 4140 constat:
377 4074 425 4138 bis
446 4070 591 4136 aduersus
613 4092 668 4134 eos
690 4070 809 4133 bellum
831 4069 961 4157 geffiffe,
986 4072 1138 4157 nusquam
1161 4093 1240 4157 pro.

211 4179 317 4259 ditur3
344 4178 398 4243 nist
420 4177 502 4242 forte
522 4189 615 4240 antea
637 4174 724 4237 fratri
746 4174 914 4238 Demetrio
937 4174 981 4237 II.
1002 4174 1059 4239 eui
1083 4175 1238 4257 suceeffit,
