2692 4770
152 343 212 393 558
291 335 330 393 D.
345 336 396 393 W.
417 336 625 395 ANIMADV.
646 338 692 396 IN
714 337 945 396 PLUTnucm
965 338 1038 397 LIB.

147 498 242 574 βαθεῖ.
279 499 462 584 Maugeyns
483 498 707 585 corrigendum
730 512 841 562 monet
862 500 1079 584 καταδαρθόντα
1102 498 1182 562 ὕπνον

150 596 262 673 dalila:
287 596 438 681 primum,
455 599 558 662 redte:
582 599 754 683 sequentia,
770 620 833 662 non
849 599 939 663 item.
973 599 1125 663 Aristides
1139 603 1180 664 Τ.

151 697 179 758 Ι.
203 719 236 781 p.
251 697 324 777 284.
341 698 578 784 ἐπικαταδαςθοίν.
610 703 683 782 285.
699 697 920 784 ἐπικατέδαμθον.
956 698 1031 762 Alia
1049 699 1180 763 videan-

151 810 204 860 tur
216 798 303 883 apud
317 799 446 863 Suidam
462 800 484 862 l.
496 822 526 863 c.
542 813 575 863 et
590 801 723 862 Foehum
737 801 817 863 OEc.
834 800 989 885 Hippocr.
1003 822 1036 885 p.
1052 821 1125 885 191.

193 912 246 981 75.
262 901 300 962 E.
321 902 428 973 Ψιυδεῑς
442 898 586 986 ὅνειςοι-]
614 898 774 984 Euripidis
787 900 830 964 est
845 921 883 963 ex
902 899 1045 963 dramate
1059 915 1093 964 et
1107 924 1181 986 per·

151 1000 226 1064 sona
248 1001 424 1088 Iphigeniae
444 1001 476 1065 in
499 1001 610 1066 Tauris
627 1003 711 1086 569:
739 999 886 1065 adhibuit
909 1001 1059 1066 Clemens
1080 1004 1181 1066 Alex-

146 1094 240 1163 andr.
256 1100 288 1164 ln
310 1101 506 1186 Protreptico
528 1121 560 1185 p.
575 1102 628 1180 64.
642 1103 698 1163 A:
721 1098 873 1178 είβιίλεθσ
895 1098 1006 1174 οὖντὰς
1027 1102 1184 1181 φαντασίας

149 1201 255 1276 ταιίτας
268 1207 318 1276 τὰς
338 1206 414 1276 κενιὶς
429 1200 682 1287 ἁαορῥίψαννις,τῇ
697 1200 824 1285 συνηθείᾳ
836 1205 905 1285 αὐτῇ
918 1202 1115 1281 lucrifaciam,
1132 1230 1182 1265 κε-

152 1303 256 1388 νοδοξίμ
269 1302 423 1386 ἓνιιλέγετε,
436 1305 543 1375 Ψεοδείς
558 1301 645 1388 ὄνειροι
657 1301 781 1387 χαίρετ’,
798 1302 855 1362 silla
869 1299 909 1376 ἦτ’
924 1299 990 1385 ἅμα.

196 1419 248 1486 75.
264 1405 301 1465 E.
325 1405 497 1488 Καινιὺς-]
525 1401 615 1465 Idem
632 1402 714 1466 ferro
729 1401 962 1465 invulnerabilis
976 1424 1050 1466 cum
1067 1385 1184 1467 Stoicis

152 1518 357 1589 comparatur
377 1527 396 1569 a
422 1503 593 1568 Plutarcho
615 1504 699 1592 Opp.
719 1505 807 1566 Mor.
833 1524 865 1587 p.
885 1518 978 1585 1057.
992 1504 1038 1578 D,
1055 1503 1093 1565 E.
1131 1507 1185 1567 De

153 1606 224 1692 ejus
245 1629 284 1671 ex
305 1607 439 1671 muliere
461 1606 493 1669 iu
514 1607 615 1669 virum
632 1603 909 1675 transformatione
923 1602 1039 1667 illustre
1057 1604 1100 1668 est
1114 1605 1184 1668 elo·

152 1707 245 1792 gium
261 1706 365 1772 Ovidii
380 1709 463 1770 Met.
477 1707 555 1770 ΧΠ.
575 1707 645 1790 189.
661 1706 724 1790 seq.

197 1824 214 1891 7
217 1822 249 1892 5.
265 1811 303 1873 Ε.
329 1807 550 1891 μετακόσμησις]
586 1806 736 1870 Universe
762 1818 853 1869 notat
875 1806 1062 1869 mutationem
1083 1805 1129 1870 rei
1151 1807 1184 1871 in

154 1909 252 1974 aliurn
267 1910 392 1986 statum,
407 1907 636 1986 conditionem,
651 1906 870 1993 disprfitionem,
890 1907 1003 1987 κόσμοι,
1018 1929 1090 1992 quae
1109 1930 1185 1992 pro·

155 2011 223 2096 pria
237 2009 334 2096 hujus
349 2010 433 2074 vocis
447 2011 490 2073 est
501 2008 561 2072 vis:
578 2022 615 2072 ut
629 2008 715 2072 redte
730 2007 856 2072 monuit
870 2006 1036 2072 Salmafius
1048 2008 1088 2071 ad
1099 2009 1185 2073 Sim·

155 2111 287 2197 plicium
311 2134 344 2196 p.
363 2111 434 2174 168.
471 2108 674 2175 Vocabulum
698 2107 867 2172 Plutarcho
889 2109 1072 2192 usurpatum
1094 2137 1186 2191 μετα-

155 2213 289 2294 κόσμησις
305 2213 390 2298 Opp.
406 2214 493 2275 Mor.
515 2232 547 2294 p.
562 2211 637 2294 583.
654 2212 688 2273 F.
713 2226 786 2293 733.
803 2212 837 2273 F.
861 2227 935 2294 927.
950 2212 993 2274 A.
1024 2211 1093 2275 Vit.
1109 2215 1189 2297 328.

157 2315 202 2379 D.
223 2316 299 2397 456.
314 2315 363 2376 A:
389 2310 512 2375 Platoni
524 2313 604 2396 Leg.
620 2312 663 2373 X.
680 2331 713 2394 p.
726 2313 800 2392 667.
815 2311 853 2373 B.

200 2430 217 2496 7
219 2430 252 2497 5.
268 2416 303 2476 F.
326 2413 402 2497 Πρὸς
416 2410 521 2497 πέτρη]
547 2409 669 2495 Attigit
682 2411 829 2473 Erasmus
848 2410 953 2498 Adag.
976 2434 1008 2497 p.
1027 2433 1129 2496 1103:
1154 2429 1189 2479 et

157 2513 220 2577 fine
240 2509 429 2575 autioritate
453 2508 556 2592 posuit
577 2509 609 2571 in
632 2507 804 2572 Proverbiis
827 2510 1008 2575 Trochaicis
1034 2511 1193 2576 Schottus

159 2634 254 2694 1240.
296 2610 436 2676 lambicc
457 2592 638 2673 distinctum
655 2607 688 2671 in
707 2607 847 2672 editione
870 2610 928 2673 Gr.
945 2612 1016 2674 Lat.
1030 2613 1074 2674 A.
1093 2616 1188 2693 1624.

158 2736 254 2800 quam
267 2711 377 2776 nostrae
391 2709 619 2772 substravimus.
651 2707 760 2771 Simile
775 2723 831 2772 aut
843 2707 928 2772 idern
943 2710 986 2773 est
999 2711 1085 2795 apud
1100 2712 1187 2776 Ban-

157 2814 237 2876 linm
252 2814 302 2875 M.
318 2813 369 2875 De
383 2808 544 2895 legendis
558 2811 616 2873 Gr.
630 2810 668 2872 T.
681 2809 709 2871 I.
729 2830 761 2893 p.
772 2831 847 2894 494.
863 2811 915 2873 D:
939 2812 1016 2884 εὐθὺς
1030 2811 1074 2874 οὖν
1088 2816 1118 2890 ἐξ
1133 2818 1189 2902 ἀς,

154 2919 211 2998 χῇς
227 2917 377 2974 ἐπισκοπεῖν
400 2909 497 2980 isacar
520 2918 573 2976 τῶν
596 2909 770 2991 μαθημάτων
794 2909 840 2986 καί
860 2910 1034 2996 συναρμόζει
1055 2918 1094 2997 τῷ
1115 2912 1191 2978 σέλει

157 3018 296 3100 προσῆκε,
310 3015 386 3074 κατοὶ
399 3015 446 3088 τὴν
460 3013 584 3096 Δωμιιιην
593 3008 762 3096 σιαςοιμίαν,
774 3010 819 3071 τὸν
833 3009 911 3073 λίθον
925 3012 994 3074 σιοτί
1008 3016 1055 3089 τὴν
1067 3017 1190 3100 caeptis

158 3114 289 3199 ἄγοντας.
358 3125 362 3131 '

201 3241 234 3304 p.
249 3220 301 3300 76.
316 3217 355 3280 B.
387 3222 427 3301 τῷ
448 3217 515 3303 περὶ
536 3217 631 3301 ψυχὴν
654 3213 769 3299 ἄτοίκτομ
791 3212 836 3292 καί
856 3213 970 3301 ἀοςίςῳ]
996 3216 1043 3278 Ex
1065 3217 1192 3296 ratione

160 3318 320 3383 Platonis:
348 3317 537 3402 significatur
549 3338 620 3401 pars
634 3314 737 3398 ἄλογος
751 3316 908 3381 contraria
926 3324 959 3402 τῇ
981 3325 1099 3403 λογικῇι
1124 3320 1190 3385 fre-

158 3432 293 3503 quenter
314 3416 431 3480 dicitur
451 3416 569 3503 άόςιςος,
592 3414 760 3501 indefinita,
782 3439 879 3502 vago,
901 3417 992 3480 nullis
1018 3417 1134 3505 legibus
1154 3447 1193 3486 ac

160 3515 291 3578 terminis
312 3515 534 3602 circumscripta,
558 3513 621 3593 ίίλη,
638 3517 770 3593 αἰσθητὸν,
787 3523 882 3597 σῶμα,
898 3536 1033 3602 quorum
1048 3521 1192 3604 oppofita

159 3618 232 3681 sunt
254 3623 309 3689 νοῦς
331 3632 364 3678 et
385 3615 482 3693 νοητόν·
505 3638 569 3701 qua
590 3614 631 3679 de
651 3638 686 3680 re
704 3636 742 3680 ex
759 3614 897 3680 Platonis
919 3617 1062 3682 fontibus
1083 3618 1190 3685 duum

158 3718 232 3781 sunt
253 3714 482 3799 disputationes
503 3715 536 3779 in
557 3715 720 3779 Platonicis
741 3713 954 3801 Qaaestiouibus
973 3730 1007 3781 et
1021 3719 1071 3781 De
1085 3720 1193 3785 Animi

159 3816 373 3880 Procreationc.
408 3817 448 3878 Τό
469 3821 580 3897 μᾶλλον
603 3813 649 3893 καί
669 3819 701 3879 τὸ
722 3816 804 3894 ἦτίον,
825 3816 1007 3900 diversttatcs
1024 3821 1190 3903 graduum,

159 3917 236 3982 inest
251 3918 283 3980 in
302 3915 354 3979 illa
368 3930 457 4001 parte
473 3917 595 4003 ἀοςίςφε
619 3916 706 4002 quod
727 3939 767 3980 ex
782 3916 920 3982 Platonis
937 3918 1066 3983 Philebo
1086 3942 1119 4005 p.
1135 3938 1191 4006 77.

157 4021 197 4084 Ε.
221 4021 327 4102 78.Α.
351 4019 451 4082 80.Β.
474 4018 610 4103 explicat
629 4018 816 4084 Plutarchus
832 4019 883 4082 De
898 4018 1009 4093 Animi
1025 4021 1131 4085 Procr.
1155 4045 1190 4108 p.

161 4138 254 4202 1014.
270 4122 315 4185 D.
351 4120 422 4206 Ipsa
440 4118 538 4184 diuio
561 4119 729 4185 Plutarcho
749 4121 910 4207 frequens,
926 4123 958 4184 τὸ
970 4129 1081 4205 μᾶλλον
1097 4123 1143 4203 κο)
1157 4128 1190 4187 τὸ

157 4222 238 4303 ixion,
256 4221 319 4287 hoc
341 4220 451 4284 seusu:
476 4221 562 4307 Opp.
583 4223 669 4285 Mor.
692 4243 724 4307 p.
740 4223 816 4308 652.
834 4223 874 4286 C.
898 4224 971 4305 678.
989 4224 1028 4306 C,
1045 4225 1089 4290 D.
1114 4244 1190 4308 732.
