2692 4770
335 316 538 385 bromme
554 318 777 385 LacoNch.
796 322 1015 401 p.ms.A—c.
1116 316 1192 394 1175

158 501 200 546 ex
218 482 370 551 Larcberi
391 487 527 569 calculo,
550 486 614 554 fuit
635 487 768 577 Olymp.
789 488 909 556 LXVI.
925 505 957 552 2.
973 485 1071 574 usque
1086 485 1126 550 ad
1141 485 1189 552 O·

158 581 261 671 lymp.
277 589 417 655 LXXII.
432 611 466 672 4.

203 704 277 771 223.
290 689 334 754 A.
357 689 411 777 a'.]
438 693 538 756 Hunc
555 691 665 756 Iocum
680 689 838 778 descripfit
852 688 999 756 AElianue
1014 689 1091 753 Var.
1107 686 1188 751 Hisl.

156 784 255 853 XIII.
274 810 313 877 19
327 816 337 855 τ
363 791 488 878 Ἔλεγεν
507 799 521 856 l
542 793 697 878 Κλιομίνης
710 798 877 867 Λακωνικῶς
890 795 967 856 κατὰ
983 792 1030 854 τὸν
1043 789 1190 876 ἐπιχώριον

156 887 265 972 rpsrot,
279 893 326 955 riv
340 890 466 980 ’Όμηρον
479 895 701 978 Λακεδαιμονῐων
716 894 781 975 rim
794 897 914 973 ποιητῆν,
932 895 967 968 ὥς
985 896 1044 979 χρὴ
1062 897 1189 973 πολεμῶ

155 987 279 1075 λὲγονῖα·
300 996 349 1059 riv
362 996 389 1058 bi
402 995 532 1061 Ἡσίοδον
544 1004 599 1061 τῶν
613 999 758 1075 Εἷλὸπων,
772 995 893 1080 λέγοντα
904 997 940 1069 ὥς
951 999 1009 1080 χρὴ
1022 996 1167 1080 γεωργεῖν.

200 1111 274 1178 223.
288 1095 333 1163 A.
355 1096 395 1176 β’.
409 1098 465 1184 γ’.]
492 1098 583 1163 Idem
598 1099 717 1165 salitum
733 1096 948 1165 incautioris
964 1095 1094 1160 nomine
1114 1090 1188 1159 narss

155 1205 247 1258 ratur
266 1217 287 1259 a
308 1197 467 1265 Cicerone
489 1200 583 1264 Offic.
600 1201 627 1264 I.
645 1220 704 1264 10:
733 1199 798 1286 Quo
815 1199 847 1263 in
866 1197 1084 1286 gencraetiam
1103 1195 1137 1259 in
1156 1219 1190 1260 rc

153 1293 277 1380 publica
293 1297 390 1362 multo
410 1312 591 1388 peccantur:
612 1312 648 1364 ut
669 1300 731 1380 ille,
754 1301 819 1388 qui,
841 1323 907 1364 cum
927 1299 1057 1386 triginta
1074 1296 1190 1362 dicrum

154 1396 242 1482 efflui
264 1398 367 1485 fadae
390 1425 454 1465 cum
481 1399 554 1488 basse
575 1401 717 1481 inducia,
739 1409 827 1466 notin
849 1399 1056 1488 populabatur
1075 1419 1189 1484 agros3

154 1501 237 1585 quod
248 1496 363 1566 dierunt
381 1504 468 1589 efflat
483 1512 593 1590 potlae,
609 1529 668 1568 non
682 1503 822 1583 nullium,
836 1501 977 1566 inducia.
1010 1499 1121 1566 Simile
1135 1521 1188 1565 re·

155 1600 220 1666 fert
233 1604 396 1669 Zeuobius
412 1606 557 1670 Proverb.
574 1607 633 1670 IV.
642 1622 697 1690 37.
720 1604 889 1692 Polyaenm
904 1605 949 1667 II.
960 1622 1016 1689 43.
1028 1615 1062 1666 et
1074 1601 1191 1669 Strabo

156 1703 219 1769 IX.
235 1726 269 1791 p.
281 1707 356 1773 616.
369 1707 410 1770 B.
426 1707 588 1772 auetorem
605 1706 740 1772 laudans
755 1706 934 1792 Ephorum.
1036 1777 1038 1782 ,

200 1827 275 1894 223.
290 1811 328 1874 Β.
349 1808 410 1894 pss]
443 1812 495 1875 De
519 1811 582 1876 hoo
605 1824 767 1897 praecepto
789 1809 975 1874 monuimus
997 1829 1030 1895 p.
1052 1808 1126 1875 218.
1144 1806 1191 1874 A.

155 1908 312 1975 Notanda
325 1933 454 1998 quoque
469 1911 641 1998 Euripiden
654 1911 770 1976 dictioz
786 1933 816 1973 v.
828 1933 858 1975 c.
874 1909 1010 1975 Eleum
1020 1910 1101 1995 583:
1124 1908 1188 1972 ssi-

152 2017 242 2075 τοιθα
255 2014 288 2090 δ’,
301 2011 317 2088 b
328 2018 387 2100 xpri
401 2014 499 2095 μηκέθ1
512 2018 632 2099 tyrium
644 2011 722 2090 teir,
733 2017 769 2075 El
783 2011 872 2077 τᾶδικ’
887 2011 946 2089 irat
958 2017 1006 2088 τῆς
1019 2011 1092 2088 δίκης
1104 2011 1188 2098 inig-

153 2139 236 2201 τερα.
271 2115 458 2204 Hypsipylae
479 2138 531 2203 ap.
555 2119 648 2183 Stob.
671 2117 778 2184 Floril.
798 2119 843 2182 X.
869 2133 1001 2204 p.127:
1027 2118 1135 2191 Kareoi,
1155 2117 1189 2178 rl

151 2216 246 2305 κε’ςὸος
260 2223 306 2293 τῆς
320 2217 393 2296 δίκης
408 2219 560 2308 iriprrpu.

198 2335 273 2402 223.
289 2319 327 2383 B.
354 2318 403 2404 δῆ]
439 2322 493 2384 Ab
514 2322 593 2384 urbe
615 2320 707 2408 Argo
730 2319 888 2409 cupienda
905 2341 981 2385 eum
1002 2318 1190 2404 repulerunt

153 2419 307 2484 mulieres
320 2421 461 2507 Argivae,
484 2422 566 2487 duce
584 2422 728 2487 Telestlla
741 2423 875 2509 poetria,
897 2434 936 2486 ut
958 2421 1123 2485 Pausanias
1143 2423 1189 2486 ΙΙ.

154 2541 209 2588 2ο.
224 2537 257 2586 et
273 2523 462 2588 Plutarchus
478 2539 583 2588 narrat
599 2527 650 2589 De
663 2525 694 2589 V
696 2525 749 2590 irt.
768 2525 901 2589 Mulier.
917 2546 951 2611 p.
968 2541 1042 2609 245.
1058 2527 1111 2590 D:
1136 2525 1188 2589 in·

152 2623 259 2709 deque
278 2624 415 2689 breviter
429 2626 526 2691 refert
545 2625 714 2712 Polyaenus
728 2627 825 2691 VIII.
839 2646 895 2711 33.
929 2626 1062 2704 Insania,
1078 2649 1142 2713 qua
1158 2627 1190 2692 so

153 2722 221 2810 ipse
242 2724 403 2803 lacerarit,
426 2741 623 2790 memoratur
641 2727 681 2791 ab
698 2726 869 2791 Herodoto
881 2727 941 2792 VI.
958 2743 1010 2810 75.
1028 2727 1088 2808 84:
1112 2726 1189 2793 hinc

154 2827 316 2891 Athenaeo
331 2828 376 2891 X.
399 2849 432 2912 p.
446 2845 522 2910 427.
540 2827 589 2891 C:
612 2827 743 2894 AEliano
763 2830 842 2893 Var.
863 2827 946 2892 Hist.
963 2829 1008 2893 II.
1022 2847 1087 2909 41:
1111 2829 1188 2892 Ari·

154 2927 246 2993 stides
265 2931 304 2992 T.
325 2930 351 2992 I.
374 2949 408 3014 p.
422 2932 506 3013 567:
530 2931 688 2994 Meursrus
709 2931 761 2995 De
784 2932 888 3016 Begn.
911 2930 1029 2995 Laced.
1049 2932 1129 2995 XII.
1152 2951 1187 3016 p.

154 3045 208 3116 75.
247 3031 307 3094 Pro
328 3031 503 3105 καθελούσας
525 3030 618 3095 Harl.
636 3045 671 3096 et
691 3032 809 3097 Venet.
828 3032 906 3096 dant
921 3031 1131 3107 καθιλκοόσαςε
1155 3045 1190 3105 at

152 3132 321 3219 vulgatum
343 3132 589 3219 praeserendum,
615 3147 654 3198 ut
675 3133 862 3219 usurpatum
884 3133 924 3199 de
949 3134 1045 3199 rebus
1065 3134 1099 3198 in
1121 3135 1189 3201 alto

154 3235 305 3321 suspenfis
319 3234 393 3299 inde
409 3234 575 3299 demendis
590 3257 628 3300 ac
641 3235 862 3301 detrahendis:
886 3237 984 3301 veluti
999 3237 1190 3303 Plutarchus

152 3336 302 3402 adhibuit
316 3337 403 3423 Opp.
416 3338 504 3401 Mor.
519 3359 552 3422 p.
568 3353 643 3422 734.
656 3340 691 3402 F.
719 3337 790 3402 Vit.
806 3356 880 3421 295.
897 3341 932 3406 F.
962 3338 1115 3403 Solebam
1128 3361 1188 3403 au·

153 3454 222 3507 tem
243 3461 331 3504 arma
351 3439 384 3503 in
404 3437 533 3524 templis
554 3438 710 3525 suspendi,
734 3439 809 3504 inde
831 3439 907 3505 belli
930 3440 1109 3504 necessitate
1130 3462 1190 3504 co·

152 3555 254 3630 gente
275 3539 421 3627 depromi
443 3539 563 3606 civibus
585 3539 763 3605 armandis:
787 3563 884 3627 quem
906 3563 1030 3606 morem
1049 3555 1188 3607 annota-

152 3655 231 3709 runt
251 3641 292 3707 ad
315 3642 445 3707 Florum
470 3642 514 3705 II.
537 3643 570 3706 6.
593 3660 646 3727 23.
675 3642 855 3722 Salmasius,
881 3643 1048 3723 Dukeme,
1071 3643 1190 3730 quibua

152 3745 385 3812 Freinshemius
406 3743 530 3812 addidit
551 3744 639 3810 bunc
669 3745 830 3815 Plutarchi
853 3745 963 3811 locum
986 3762 1020 3812 et
1046 3769 1104 3813 noe
1127 3746 1188 3811 26-1

147 3846 323 3937 jungimus
348 3845 487 3913 Piersoni
509 3846 812 3914 animadversionem
835 3846 878 3913 ad
904 3848 1024 3914 Moerin
1048 3848 1187 3917 Attioist.

179 3997 187 4014 .
205 3952 278 4034 265.
775 3986 778 3991 -
1033 4007 1035 4013 .

127 3971 176 4051 'P
199 4069 273 4135 223.
289 4047 330 4113 C.
357 4047 403 4134 r‘.]
436 4048 575 4122 Codices
595 4047 716 4134 aliquid
736 4047 886 4116 adserunt
906 4049 1116 4115 concinnitati
1137 4050 1189 4116 di·

155 4150 293 4219 dtionis:
317 4148 417 4214 veluti
437 4153 556 4217 Venet.
578 4163 613 4216 et
632 4148 726 4223 Harl.
747 4154 796 4228 τὴν
814 4150 949 4237 Ἀργείων
969 4151 1077 4217 ultre:
1101 4151 1189 4219 Voff.

153 4253 196 4320 T.
212 4253 246 4318 P.
261 4254 292 4317 ri
307 4250 472 4340 ςρᾶτευμαε
495 4275 572 4321 mox
583 4254 703 4322 Venet.
723 4266 758 4320 et
777 4253 870 4321 Harl.
890 4251 1059 4341 σροσιλθῶν
1076 4259 1110 4343 τῇ
1126 4253 1189 4320 us·

622 4374 719 4439 414
