2692 4770
201 307 202 317 '
258 323 477 391 suasurus
490 330 761 413 comnenus.
779 328 1068 409 uma-nas.
1093 286 1179 405 'ssa

151 488 244 578 elada
265 492 386 572 Δεδιένοη
398 498 435 574 μὴ
454 496 603 578 devitarint
622 500 732 577 μᾶλλον
750 492 849 582 aalma}
866 500 993 577 φανῶσιν·
1016 491 1105 579 quod
1124 491 1178 557 ils·

151 589 229 687 dem
251 593 352 657 verbis
373 594 507 659 refertur
527 595 560 659 in
583 595 672 659 Sent.
685 596 776 659 Max.
792 608 827 659 et
839 597 963 660 Anton.
978 616 1015 680 p.
1029 608 1103 676 277·
1140 592 1178 656 In
1224 613 1225 616 ’
1322 664 1331 677 ,

151 691 401 785 Apophthegm.
424 697 544 759 Lacon.
567 696 664 759 exstat
689 695 746 759 sub
772 695 902 760 nomine
924 693 1113 759 Archidami
1135 692 1178 758 fil.

153 797 341 862 Zeuxidami
358 821 391 885 p.
404 799 478 865 218.
494 802 542 864 E:
566 813 600 864 at
615 799 710 886 paulo
727 799 820 864 aliter
834 801 890 864 sub
905 798 1059 886 Lysandri
1073 797 1178 861 nomi·

152 919 194 961 ne
209 898 328 963 ibidem
349 921 381 986 p.
399 920 471 988 229.
486 904 530 967 A.
547 902 689 990 itemque
710 900 836 989 plenius
850 901 883 965 in
897 900 1008 966 codice
1019 902 1051 966 J.
1066 912 1099 964 et
1113 901 1179 966 Ve-

154 1011 244 1078 neto,
260 1023 298 1064 ex
312 1002 388 1067 Vita
401 1003 556 1091 Lysandri
569 1027 603 1091 p.
612 1025 688 1090 434.
704 1005 745 1069 C.

199 1121 271 1183 141.
288 1105 326 1166 E.
350 1104 505 1191 Σοφοκλῆς]
532 1104 707 1193 Singularis
729 1105 799 1169 haec
817 1106 859 1170 est
880 1105 1020 1170 mentio:
1045 1104 1181 1190 indeque

152 1202 253 1268 relata
274 1206 307 1269 in
328 1209 527 1294 Fragmentis
547 1209 715 1296 Sophoclis
735 1232 753 1273 a
773 1207 937 1274 Brunckio
955 1210 994 1271 Τ.
1011 1208 1055 1269 ll.
1076 1228 1109 1291 p.
1124 1225 1179 1290 43.

152 1305 208 1369 Ad
232 1308 400 1372 verborum
425 1323 458 1373 et
480 1311 644 1375 sententiae
670 1310 906 1379 similitudinem
929 1306 1080 1394 congruit
1101 1306 1181 1371 illud

152 1407 294 1473 Musunii
318 1432 370 1495 ap.
398 1412 489 1474 Stob.
511 1411 575 1476 Tit.
590 1414 649 1478 VI.
672 1434 705 1498 p.
723 1414 784 1493 84:
808 1410 854 1492 aa)
871 1410 928 1496 γάρ
948 1435 989 1474 τοι
1014 1411 1095 1473 δοκῶν
1117 1408 1182 1487 εἶναι

154 1507 258 1590 κόσμος
272 1510 358 1595 οὗτος,
372 1517 485 1590 πολλὴν
499 1512 637 1596 ἀκοσμίαν
651 1514 721 1600 ἔχει.

200 1629 273 1691 141.
289 1613 326 1674 Ε.
355 1612 468 1694 Κόσμος
494 1614 553 1701 γάρ
574 1614 872 1702 &imagini-indta]
908 1614 1017 1678 Habet
1035 1613 1183 1677 Stoboeus

154 1729 188 1796 p.
202 1730 277 1791 442.
306 1714 453 1777 Acumen
468 1714 689 1801 disputationis
703 1717 745 1780 est
759 1716 791 1779 in
806 1715 998 1802 cognatione
1010 1713 1182 1785 vocabulo·

155 1832 227 1874 rum
242 1812 355 1894 κόσμος,
369 1820 492 1896 κοσμεῖν,
509 1816 632 1898 κόσμιος,
648 1839 785 1902 quorum
800 1815 870 1879 ‘hoc
892 1837 955 1879 non
979 1813 1032 1877 nisr
1051 1814 1092 1878 de
1109 1836 1181 1877 mo-

155 1911 253 1977 destia
268 1914 377 1995 animi,
392 1915 447 1980 illa
468 1916 563 1981 etiam
579 1917 619 1981 de
634 1917 774 2002 corporis
789 1917 880 1983 cultu
891 1929 925 1981 et
939 1927 1054 1980 ornatu
1068 1914 1182 1981 dicun·

155 2029 220 2078 tur.
1084 2059 1087 2062 >

203 2136 275 2198 141.
290 2121 328 2182 Ε.
358 2125 397 2183 01
417 2127 450 2207 τῇ
472 2121 603 2208 γαμηλίῳ
624 2121 732 2195 θύοντες
746 2119 987 2208 Ἥρᾳ-βωμόν]
1013 2120 1050 2184 Β.
1067 2116 1183 2182 Briso-

157 2217 231 2281 nius
247 2220 298 2284 De
314 2221 390 2285 Ritu
405 2224 508 2307 Nupt.
528 2245 561 2310 p.
576 2241 651 2308 312.
671 2222 758 2286 hunc
774 2223 883 2287 locum
896 2241 1058 2307 apponens
1073 2241 1184 2284 emen-

156 2318 214 2384 dat
230 2321 401 2386 editionem
418 2324 634 2405 Bafileensem‚
648 2324 680 2388 in
695 2347 758 2409 qua
777 2346 841 2388 una
857 2323 937 2388 vitio
950 2341 1117 2409 operarum
1136 2319 1184 2386 le·

156 2422 246 2506 gitur
259 2421 315 2508 ὦρᾳ
330 2423 487 2512 ροοἭςᾳ,
501 2440 534 2490 et
548 2430 637 2511 χολὴν
652 2446 710 2510 pro
723 2429 826 2510 χολὴν,
841 2447 913 2511 quae
925 2423 993 2509 jam
1007 2433 1185 2487 correxerat

157 2524 341 2611 Xylander:
366 2541 398 2590 ct
418 2527 505 2612 qnod
522 2528 576 2591 hic
590 2527 717 2612 reliquit
730 2532 853 2613 σοςῆνον
866 2547 906 2588 ex
918 2523 1036 2589 Aldina
1051 2523 1083 2587 in
1098 2523 1184 2588 Basr-

156 2623 293 2689 leensem
308 2643 533 2713 propagatum,
550 2627 719 2691 Brissonius
731 2625 865 2690 mutavit
876 2624 909 2688 in
923 2629 1057 2707 σεριὲινο4,
1069 2623 1185 2688 10111111

155 2728 265 2791 caeteri
287 2751 397 2792 omnes
419 2730 489 2792 libri
511 2729 589 2793 dant
609 2734 749 2815 ωαρεῑνον.
786 2726 949 2791 Caeterum
970 2747 1028 2811 pro
1047 2726 1114 2812 περὶ
1138 2727 1184 2788 τὸν

156 2831 263 2911 βωμὸν,
279 2833 316 2895 Β.
329 2835 367 2896 Ε.
382 2833 501 2896 habent
515 2830 599 2917 σοφοὶ
612 2858 640 2894 τ.
654 2834 687 2909 β.
705 2829 930 2894 rCasaubonus
943 2827 985 2891 ad
1004 2827 1105 2913 Diog.
1120 2829 1185 2891 Ιοι-Ι

157 2945 218 2995 ert.
240 2934 267 2995 1.
283 2951 336 3015 71.
356 2933 466 3019 ἔρῥιψαν
485 2933 589 2998 obiter
607 2931 745 3017 explieat
755 2929 854 3016 solent
873 2929 1027 3017 projicere3
1050 2928 1095 2992 ita
1110 2927 1185 2992 sub-

158 3030 234 3095 inde
256 3032 380 3115 Aoristo
402 3033 504 3118 primo
520 3031 622 3095 utitur
643 3029 832 3094 Plutarchus
847 3030 891 3092 II.
911 3048 944 3114 p.
963 3046 1034 3113 159.
1049 3027 1088 3090 B.
1111 3030 1185 3112 690.

158 3133 203 3196 A.
227 3135 307 3219 978.»
318 3133 361 3198 Α.
390 3136 417 3196 l.
433 3137 486 3217 67.
505 3135 545 3213 B,
562 3133 602 3197 C.
625 3132 685 3196 alia
705 3129 868 3199 annotavit
888 3130 1034 3194 Eruestus
1056 3129 1097 3193 ad
1118 3131 1186 3194 Xe-

159 3234 260 3319 noph.
277 3236 328 3297 M.
344 3238 376 3299 S.
391 3236 434 3297 11.
448 3256 480 3316 4.
497 3252 527 3318 7.

204 3355 278 3416 141.
293 3338 326 3399 F.
351 3338 475 3399 Πλάτων
488 3343 528 3421 τῷ
546 3337 721 3422 Ξενοκράτει]
754 3332 943 3398 Plutarchus
963 3331 996 3395 in
1019 3329 1187 3397 Amatorio

160 3457 195 3522 p.
213 3440 287 3522 769.
303 3439 346 3501 D.
374 3437 459 3500 idern
478 3436 659 3521 exemplum
686 3447 946 3521 praeceptumque
968 3432 1079 3518 pouit:
1110 3431 1188 3496 item

160 3537 195 3602 in
217 3538 323 3602 Mario
345 3561 377 3623 p.
391 3556 466 3622 407.
481 3540 523 3602 A.
553 3539 718 3624 Diogenes
738 3535 883 3621 Laertius
897 3537 955 3600 IV.
971 3536 1002 3597 6.
1024 3534 1079 3599 ubi
1096 3533 1189 3620 plura

162 3651 315 3703 notarunt
339 3639 543 3704 Casuubonus
557 3652 591 3703 et
604 3637 788 3724 Menagius.

206 3762 240 3826 p.
259 3759 330 3821 141.
346 3742 389 3804 A.
412 3740 648 3827 Μητρόδωρος-]
676 3738 763 3803 Huic
781 3739 854 3803 loco
872 3736 1021 3824 geminus
1036 3735 1124 3802 estin
1139 3737 1189 3801 A·

163 3843 300 3907 rnatorio
321 3865 352 3928 p.
370 3859 441 3926 753.
456 3842 504 3905 C:
528 3839 761 3926 reprehendens
776 3861 889 3904 uxores
902 3842 957 3914 τοῖς
971 3838 1099 3926 ἀνδράσιν
1112 3841 1190 3924 ὄργι-

165 3943 276 4026 ζομὲνοις
291 3943 330 4005 ὅτι
345 3950 531 4029 σωφρονοῦσιν·
556 3941 642 4029 quod
663 3964 703 4005 ex
724 3941 786 4007 hoc
803 3941 890 4006 (11ἃο
904 3939 1045 4005 sumtum
1063 3938 1122 4004 effe
1141 3959 1193 4005 m

163 4043 235 4128 ipsa·
245 4042 394 4107 declarat.
432 4043 650 4122 Metrodorus,
664 4041 710 4106 ita
733 4040 817 4106 nude
832 4040 948 4119 didus,
964 4038 1191 4127 intelligendus

165 4145 208 4207 est
232 4145 475 4230 Lampsacenus,
500 4144 630 4231 Epicuri
655 4143 837 4229 discipulus.
874 4143 926 4206 De
954 4142 1050 4230 hujus
1072 4141 1192 4229 nuptiis

166 4245 355 4312 Plutarchus
372 4245 518 4311 meminit
538 4245 621 4311 Adv.
643 4243 774 4331 Epicur.
797 4266 831 4334 p.
847 4244 939 4331 1098.
955 4245 1004 4311 B:
1027 4243 1068 4313 de
1081 4243 1146 4315 filia
1158 4257 1192 4312 et
