2692 4770
366 301 419 359 DE
441 299 920 378 SUPERSTITIONE.p.164.E.
1099 309 1158 377 997

133 459 237 524 Postea
251 463 379 527 uberius
393 463 521 549 quaeslio
536 463 667 550 agitata,
681 476 714 528 et
727 462 846 550 duplex
856 485 960 551 genus
971 463 1156 529 doemonum

130 559 277 626 habitum
302 565 356 643 est,
382 566 595 629 bonorumet
619 564 794 629 mulorum:
824 564 952 651 dequo
976 562 1155 629 discrimine

130 660 318 729 Plutarchus
332 666 399 753 egit
420 666 452 729 in
471 666 553 732 libro
567 668 618 731 De
632 666 771 733 Defeciu
785 667 880 735 (hac.
896 690 929 754 p.
941 686 981 746 4¹
984 687 1017 751 5.
1032 678 1067 729 et
1079 662 1155 730 olibi

128 761 221 846 saepe.
259 767 388 830 Nomen
408 767 624 850 δεισιδαιμονίας,
639 767 905 854 quandocumque
927 766 1067 855 primum
1088 765 1153 830 sre-

128 864 276 948 quentari'
287 869 398 956 coepit,
417 883 504 934 certe
523 870 564 935 ud
584 885 757 957 utrumque
769 893 886 958 genus,
900 882 935 935 et
947 869 1025 934 deoc
1038 880 1072 933 et
1085 867 1153 931 de·

127 987 251 1047 moneo,
267 969 404 1034 relatum
418 971 480 1034 est:
504 969 558 1036 sed
571 993 591 1034 a
608 958 702 1036 laude
721 970 874 1057 paulatim
893 970 934 1036 ad
952 969 1017 1034 vitii
1035 967 1153 1056 fignifi-

126 1066 285 1133 cationem
305 1071 395 1135 abiit.
431 1073 519 1136 Nam
540 1072 656 1136 bonum
671 1094 799 1158 quoque
815 1071 849 1136 in
865 1084 986 1157 partem
1001 1069 1042 1134 de
1055 1069 1152 1156 obstr·

123 1169 232 1231 cantia
246 1169 406 1256 corfinum
420 1171 571 1259 religionis
586 1173 772 1259 usurpatum
790 1186 922 1260 apparet
940 1194 979 1237 ex
996 1173 1153 1236 Veterum
1203 1172 1208 1181 '

124 1267 225 1333 locis:
252 1271 350 1335 veluti
372 1274 598 1359 Xenophontis
625 1274 796 1362 Cyropaed.
820 1276 882 1339 111.
904 1294 937 1359 3.
959 1275 999 1339 6:
1032 1270 1152 1360 Agefil.

115 1368 184 1433 .Xl.
201 1372 231 1433 8.
271 1372 394 1460 Polybii
408 1376 468 1439 Vl.
483 1378 538 1459 56.
554 1392 589 1459 7:
612 1397 806 1462 quamquam
824 1391 857 1441 et
872 1375 925 1441 hic
945 1386 979 1440 et
991 1373 1066 1439 alibi
1080 1395 1151 1439 me·
1180 1358 1184 1368 ¹

124 1468 177 1533 dia
198 1472 383 1558 fignificatio
400 1475 528 1540 retineri
549 1477 670 1562 potest:
693 1492 727 1540 et
742 1477 936 1564 Hesychius,
957 1481 970 1538 l
988 1473 1110 1555 εὐσεὸὴς,
1128 1475 1151 1562 ’l

124 1572 207 1645 δειλὸς
221 1575 288 1660 orrpl
303 1575 390 1649 θεούς·
412 1576 491 1663 pius,
507 1590 536 1640 es
554 1577 673 1640 timidus
687 1599 760 1662 erga
774 1578 859 1641 deos:
882 1577 939 1642 ubl
958 1576 991 1641 ln
1006 1576 1152 1642 eamdem

125 1693 191 1736 rem
205 1675 350 1760 quaedam
372 1691 464 1740 notat
478 1676 655 1741 Albertiuo.
692 1677 758 1743 Sed
769 1677 834 1757 illo,
850 1698 1063 1765 quoecumque
1076 1675 1151 1757 fuit,

124 1771 226 1838 laudis
245 1777 439 1862 significatio,
463 1778 591 1862 penitus
611 1778 728 1842 obruta
741 1778 784 1842 est
796 1801 816 1842 o
831 1778 999 1843 deteriore.
1035 1779 1151 1864 Neque

123 1875 220 1939 etiarn
235 1877 366 1960 φοὸεῖῶαι
384 1882 458 1958 θεὸν,
475 1878 554 1962 φόὸος
571 1886 647 1959 θεοῦ,
668 1879 809 1944 universe
824 1878 865 1943 dc
882 1879 994 1967 pietate
1009 1903 1084 1966 erga
1096 1879 1150 1942 dr-

123 2000 185 2055 um,
207 1979 400 2045 dictasunt:
427 2003 499 2066 quae
519 1981 562 2044 est
584 1979 768 2066 significatio
789 1979 991 2049 ecclesiastica
1003 2005 1011 2044 ι
1024 1978 1097 2066 [εᾷ
1109 1978 1151 2045 de

122 2102 187 2143 una
206 2080 315 2146 saltem
335 2082 460 2168 pietatis
477 2096 568 2166 parte
582 2103 631 2160 ea,
646 2103 718 2167 quae
737 2082 920 2146 continetur
933 2074 1151 2146 abstinentiae

121 2179 364 2246 malefaciendo
378 2183 519 2268 profeoa
532 2183 586 2247 illa
600 2205 637 2247 ex
652 2197 741 2247 metu
756 2182 869 2265 divinae
883 2181 1042 2246 vindiciae.
1075 2183 1151 2270 Qun

122 2283 161 2347 de
178 2307 211 2348 rc
225 2307 329 2372 operae
343 2287 481 2371 pretium
497 2286 539 2350 est
555 2285 745 2371 cognoscere
760 2286 917 2350 Veterum
930 2281 1014 2348 dista
1028 2283 1147 2349 Casuu-

121 2387 208 2449 bono
232 2404 407 2466 memorata
428 2387 461 2451 in
487 2387 590 2472 primu
613 2384 877 2450 animadversione
897 2384 939 2448 ad
959 2385 1148 2471 Theophra·

121 2488 219 2552 stcum
235 2489 456 2555 Characterem
472 2488 700 2569 Διισιδσιμοιίας.
734 2489 828 2565 Sane,
844 2486 899 2551 ubi
915 2485 1064 2550 universae
1077 2486 1147 2573 pie·

121 2591 195 2654 tatis
210 2606 243 2655 et
257 2592 320 2655 veri
334 2614 410 2677 erga
424 2593 583 2655 summum
604 2611 724 2653 numen
745 2589 876 2655 affectus
898 2587 980 2652 ratio
1000 2588 1146 2668 habetur,¹
1195 2631 1200 2648 .

120 2690 164 2754 ibi
182 2689 314 2771 σέἕοθαο,
336 2697 431 2776 τιμᾴν,
454 2689 581 2779 rogarer,
602 2687 722 2766 εύσεὸἦς,
745 2687 880 2769 φιλόθεος,
897 2685 1041 2766 θιοσεὸὴς,
1055 2688 1146 2753 usur-

121 2806 225 2878 patur.
262 2793 314 2857 Sic
337 2794 379 2856 est
401 2793 432 2855 in
456 2791 649 2878 pervulgatis
671 2789 732 2853 illis
754 2788 941 2874 praeceptio:
969 2812 999 2852 v.
1015 2809 1045 2852 c.
1082 2792 1146 2877 Py·

119 2893 277 2980 thcgorici
298 2893 456 2958 Carminis
469 2893 587 2957 Aurei:
602 2891 761 2966 Ἀθανᾶτες
778 2891 828 2973 μὲν
846 2899 950 2975 πρῶτοι
966 2892 1055 2971 θοοὺς,
1069 2892 1148 2980 ,νόμῳ

116 2999 150 3070 ὡς
166 2997 306 3075 διάκειται,
321 2996 410 3078 Τι’μοι·
433 2996 455 3081 'i
476 2993 546 3058 uisu
569 2993 656 3082 ignor.
694 2992 746 3058 Sic
764 2992 929 3073 Philemon
949 2992 1036 3079 apu'd
1052 2994 1144 3059 Stob.

118 3098 232 3183 Eclog.
260 3097 335 3161 Eth.
358 3119 391 3182 p.
412 3099 482 3182 156.
505 3095 590 3183 apud
613 3098 706 3160 Grot.
729 3116 764 3181 p.
782 3113 854 3178 170.
876 3094 932 3181 qui
952 3095 1039 3160 recte
1059 3095 1145 3162 illino

116 3222 233 3263 nomen
259 3221 317 3284 pro
341 3198 471 3263 Philetae
494 3199 624 3263 nomine
646 3196 769 3283 posuit:
793 3199 866 3261 Θιόο
886 3196 977 3279 νομὶζο
995 3199 1042 3264 ool
1061 3197 1144 3278 riso,
1176 3214 1183 3227 ’

118 3303 187 3384 ζήτει
209 3302 236 3362 δὲ
250 3301 299 3381 μή.
338 3298 539 3387 PhocylldeS,
560 3298 617 3386 qui
637 3297 767 3376 dicitur,
790 3300 826 3362 6:
855 3303 964 3386 Πρῶτοι
981 3299 1043 3360 θεὸν
1060 3297 1150 3380 τίμα,“

115 3404 263 3486 μετέπειτα
284 3403 310 3465 δὲ
332 3405 388 3465 σεῖο
407 3408 516 3486 γονῆοις.
554 3401 663 3466 Quare
684 3399 717 3464 in
738 3399 894 3465 Isocrateo
915 3398 1068 3464 Oratione
1086 3401 1144 3468 Ad

115 3504 333 3570 Demonicum
357 3524 389 3589 p.
409 3525 449 3588 9:
471 3504 525 3566 Τὸν
547 3503 597 3585 μὲν
621 3504 683 3565 θοὸν
705 3499 799 3584 podoni,
822 3503 889 3576 τοὺς.
903 3501 931 3564 li
952 3505 1039 3586 γονεῖς
1058 3494 1140 3584 οἶμοι·

115 3610 175 3680 τοὺς
193 3609 219 3669 δὲ
238 3606 319 3688 φίλος
342 3606 457 3690 cipite·
479 3609 535 3678 τοῖς
550 3605 578 3667 di
598 3603 685 3687 νόμοις
697 3603 800 3668 πείθοι·
824 3602 910 3668 utin
930 3601 1076 3689 populari
1088 3626 1142 3670 ar·
1247 3631 1252 3635 ·

113 3723 282 3794 gument0‚
304 3707 466 3772 auctorem
489 3705 632 3792 scripsisse
654 3721 780 3792 putem,
795 3706 866 3779 Τοὺς
881 3705 932 3787 μὶν
951 3708 1028 3781 θεοὺς
1047 3706 1139 3777 risco·

115 3834 189 3873 nam
211 3825 244 3874 et
266 3807 420 3893 pluralem
440 3806 521 3871 dant
541 3807 684 3893 plerique
705 3805 843 3885 codices,
866 3827 962 3893 quem
982 3801 1155 3891 christiani

113 3912 230 3976 librarii
254 3910 286 3973 in
312 3909 503 3996 singularem
528 3908 659 3973 mutuffe
682 3907 841 3972 videntur.
885 3910 1011 3973 Poterat
1031 3909 1139 3977 locum

111 4012 230 4077 habere
252 4013 283 4076 in
307 4012 408 4090 scena,
430 4009 519 4084 Φόὸος
539 4014 578 4074 τοὶ
597 4015 664 4073 θεῖοι
681 4013 754 4074 τοῖσι
773 4007 893 4096 σώφροσι
913 4013 1029 4098 βροτῶν·
1052 4008 1140 4098 quod

115 4114 302 4180 Plutarchus
320 4112 366 4175 ita
385 4110 590 4198 reprehendit
610 4112 663 4177 De
677 4109 841 4175 Audiend.
857 4112 946 4176 Poet.
968 4132 1002 4196 p.
1015 4130 1070 4197 34.
1083 4112 1137 4178 Ar

113 4217 171 4297 Kal
190 4221 242 4300 μὴν
264 4217 399 4296 οὐδαμῶς,
424 4211 529 4297 (pisos)
551 4215 632 4276 ἀλλὰ
653 4211 757 4298 θάρσος
777 4216 817 4277 τοὶ
835 4216 899 4278 θεῖσι
922 4215 994 4277 τοῖσι
1015 4212 1139 4303 οῶφςοσι

582 4333 602 4401 3
619 4333 670 4401 ⁵³
887 4363 892 4371 ·
