2692 4770
228 305 308 372 1190
416 299 456 359 D.
471 301 524 360 W.
544 301 754 365 ANIMADV.
776 302 823 362 IN
845 300 1077 361 rturnucffl

227 459 318 525 riores
333 460 382 526 illi
392 475 598 551 nequaquam.-
626 487 767 552 quocum
785 466 851 532 fere
868 462 1075 531 consentiunt
1100 459 1225 548 Regius
1237 471 1273 526 et
1321 466 1323 473 '

228 561 405 650 Amyotus.
442 568 485 630 Et
508 584 594 632 nunc
618 567 749 654 quidem
771 567 805 633 in
828 590 867 633 eo
889 564 1110 653 acquiescam
1138 560 1272 650 quando

229 662 275 727 nil
298 667 341 730 est
363 666 395 730 in
417 650 527 732 nostrii
546 669 635 734 libris
655 669 801 746 medelae,
819 668 960 734 multum
977 665 1152 732 varietatis.
1182 665 1270 729 Nam

229 766 324 832 Harl.
340 781 448 834 toturn
463 770 526 835 hoc
542 794 605 837 non
622 772 732 849 habet,
746 786 882 857 excepto
898 767 1049 838 nomine:
1073 789 1135 854 pro
1149 765 1230 852 ἆγεν
1241 766 1271 847 l,

228 872 313 937 J.·et
330 873 417 936 Vols.
436 872 516 937 dant
534 872 644 959 ''Ayrrt
680 897 776 962 porro
799 879 822 937 ai
842 877 864 937 δ’
887 872 992 936 ἐκείνων
1017 870 1111 957 ὕςερον
1132 873 1270 952 οὐδαμῶς,

228 971 353 1038 ornittit
375 976 534 1054 Venetus,
557 976 658 1040 solum
686 980 798 1058 ἐδαμῶς
819 973 943 1042 omittit
964 977 1003 1039 E.
1024 994 1123 1060 quem
1146 972 1272 1059 aliquot

229 1074 558 1162 Apophthegmatum
586 1076 666 1142 locis
690 1077 828 1162 inspexi:
861 1098 1006 1163 proquo
1033 1073 1125 1139 οὐκέτι
1149 1074 1272 1160 praebet

228 1177 327 1242 Voff:
352 1176 440 1265 ὕςεροι
457 1182 489 1245 J.
526 1182 703 1259 Caeterum,
729 1180 802 1245 duae
825 1193 943 1268 gentes
964 1177 1074 1266 regite,
1097 1177 1140 1241 ab
1164 1178 1270 1263 Eury·

229 1278 339 1345 sthene
353 1293 388 1345 et
403 1281 513 1347 Procle
526 1283 684 1362 oriundae,
700 1284 805 1368 postea
818 1281 889 1346 aliis
903 1279 1088 1345 nominibus
1101 1277 1271 1364 appellate

229 1381 317 1461 sunt3
342 1381 396 1446 illa
409 1382 526 1469 Agidae
547 1384 588 1448 ab
609 1383 816 1470 Eurysthenis
831 1382 897 1447 lilio
910 1382 1035 1468 Agidc:
1056 1380 1093 1444 hi
1108 1381 1269 1468 Empori·

229 1482 305 1546 ridae
328 1505 347 1548 a
374 1484 494 1548 Proclis
519 1499 637 1571 nepote
660 1487 852 1572 Euryponter
877 1483 967 1571 quod
987 1481 1134 1569 quamvis
1157 1497 1270 1547 notum

230 1594 338 1648 tamen
354 1585 553 1652 monendum
570 1601 650 1665 erat,
666 1599 704 1651 ut
717 1585 796 1651 dieii
810 1609 948 1651 acumen
963 1597 1143 1670 appareret.

274 1706 348 1771 231.
365 1686 405 1750 C.
428 1686 484 1772 72]
511 1689 687 1752 Geminum
702 1689 745 1753 est
759 1687 805 1752 illi
821 1686 1008 1773 Leotychide
1021 1685 1060 1750 α’.
1077 1708 1112 1772 p.
1126 1702 1202 1766 224.
1212 1686 1256 1750 D.

271 1808 348 1875 231.
363 1790 409 1854 D.
431 1790 820 1875 ΠΛΕΙΣΤΩΝΑΚΤΟΣ.]
854 1789 952 1854 Varie
973 1788 1120 1869 scribitur
1146 1785 1268 1873 Pleisto·

228 1913 304 1969 trax,
325 1890 522 1978 Plerfloanax,
542 1889 725 1977 Ρὶσιβαηακ,
747 1905 785 1955 ut
803 1891 896 1977 supra
918 1911 951 1976 p.
969 1908 1044 1975 230.
1059 1889 1084 1951 F
1092 1914 1101 1953 r
1124 1889 1170 1952 est
1185 1888 1270 1953 enim

228 1987 284 2057 hic
307 1989 405 2068 idem,
429 1992 589 2055 Pausaniae
612 1991 725 2077 prioris
751 1991 846 2068 filiun,
870 1987 1048 2075 posterioris
1067 1999 1173 2074 pater.
1208 1985 1268 2052 Di·

229 2090 318 2156 &um
341 2092 404 2156 hoc
429 2091 498 2156 aliis
519 2092 617 2157 etiarn
638 2092 789 2158 tribuitur
809 2091 1005 2170 Laconibus,
1027 2103 1066 2156 ut
1084 2089 1271 2155 monuimua

228 2212 262 2278 p.
280 2209 354 2275 217.
370 2195 414 2257 D.
440 2212 512 2278 192.
527 2195 565 2258 B.

273 2311 348 2376 231.
363 2295 408 2357 D.
431 2297 714 2380 ssonrattpor]
743 2292 850 2380 Hujus
864 2315 1002 2380 regnum
1017 2292 1133 2358 incidit
1147 2293 1181 2359 in
1195 2293 1269 2359 Bel·

229 2392 298 2458 lum
321 2395 513 2459 Meffenium
534 2397 575 2460 ab
592 2396 729 2483 Olymp.
752 2398 780 2459 I.
802 2396 844 2461 ad
858 2397 933 2461 XV.
949 2418 989 2461 ex
1005 2396 1175 2462 notatione
1189 2398 1269 2461 Lar·

228 2497 318 2562 cheri
334 2499 536 2587 Chronolog.
555 2500 714 2564 Herodot.
727 2501 766 2564 T.
780 2501 858 2564 Vll.
874 2522 907 2585 p.
919 2502 997 2586 496.
1013 2499 1066 2564 cui
1080 2498 1270 2565 adhibeatur

228 2601 389 2666 Meurfius
406 2593 509 2688 Regn.
527 2603 644 2666 Laced.
662 2605 704 2666 X.
721 2624 752 2688 p.
764 2619 818 2686 51.

273 2721 347 2786 231.
364 2705 402 2767 E.
430 2702 488 2787 72]
520 2704 613 2767 Harl.
638 2725 697 2790 pro
719 2713 773 2767 τῶν
795 2702 959 2787 τριακοσίων
984 2703 1130 2789 praebens
1156 2703 1268 2781 τούτων,

228 2804 356 2891 probari
380 2805 502 2889 nequit.
541 2807 745 2891 Quamquam
767 2822 930 2869 certarnen
947 2806 1010 2869 hoc
1036 2820 1269 2885 trecentorum,

228 2905 358 2970 autiore
373 2906 503 2991 quidem
528 2906 709 2980 Herodoto,
725 2907 757 2969 in
772 2922 913 2970 extrema
930 2907 1026 2972 Croesr
1049 2923 1198 2994 tempora
1220 2909 1269 2973 in·

212 2990 320 3084 didit,
342 3008 369 3069 Ι.
391 3008 538 3091 81—83:
564 3007 676 3094 igitur,
702 3007 885 3087 minimum,
909 3009 1122 3095 quadraginta
1150 3010 1267 3098 Olym·

227 3107 376 3194 piadibus
392 3110 459 3194 post
472 3109 597 3172 obitum
616 3109 776 3196 Polydori.
812 3111 858 3173 At
874 3111 1040 3174 Pausanias
1061 3113 1123 3175 lll.
1141 3129 1173 3195 7.
1199 3113 1270 3176 sene

227 3210 442 3296 Theopompo
463 3208 504 3273 de
525 3209 720 3296 Thyreatide
737 3224 916 3295 pugnatum
937 3211 1062 3289 scribit3
1086 3210 1188 3297 igitur
1201 3211 1270 3275 vivo

228 3311 335 3378 adhuc
360 3312 529 3400 Polydoro.
568 3314 657 3399 Ergo
675 3312 759 3375 bella
776 3312 1097 3377 Lacedaemoniorum
1122 3313 1270 3378 adversus

228 3412 369 3498 Argivos
396 3434 415 3473 a
444 3411 649 3497 scriptoribus
677 3412 810 3476 confusa
838 3412 1008 3478 ridentur:
1039 3413 1179 3477 alterum
1208 3413 1270 3477 hoe

227 3515 284 3578 sub
303 3512 482 3600 Polydor03
506 3513 643 3577 alterurn
660 3512 739 3576 illud
755 3514 812 3577 sub
829 3513 1018 3593 Cleomene,
1037 3514 1160 3599 dequo
1175 3530 1270 3578 nota·

228 3615 331 3679 vimus
346 3637 379 3700 p.
398 3634 471 3699 223.
488 3617 526 3678 B.
547 3614 581 3678 d.
617 3617 659 3678 Et
674 3615 851 3694 Simsouutr,
867 3615 913 3679 nil
928 3632 1130 3703 repugnante
1143 3617 1270 3682 Weffe·

227 3717 342 3804 lingio,
364 3717 427 3780 hoc
450 3731 667 3781 trecentorum
692 3733 855 3783 certamen
879 3719 972 3804 ponit
995 3719 1128 3807 Olymp.
1151 3721 1212 3784 Xl.
1230 3740 1269 3786 2:

227 3834 262 3886 et
283 3819 389 3906 priora
403 3818 487 3882 bella
507 3820 564 3883 sub
585 3820 769 3884 Echellrato
788 3835 822 3884 et
842 3822 971 3886 Labota
992 3821 1130 3909 regibus
1138 3822 1272 3910 oognita

227 3946 267 3988 ex
292 3921 443 3986 Pausania
474 3923 536 3984 lll.
561 3941 590 3985 2.
615 3940 647 4002 7.
680 3922 833 3986 trecentis
854 3939 930 3987 ante
959 3923 1155 4011 Polydorum
1179 3924 1272 3988 aunis

227 4039 322 4114 putat
343 4025 522 4088 Larclrerus
543 4024 583 4087 ad
606 4023 765 4089 Herodot.
786 4025 811 4087 l.
830 4026 882 4092 82.
905 4041 939 4090 et
960 4026 1118 4092 Chronol.
1145 4028 1270 4093 Herod.

226 4131 266 4194 T.
282 4130 359 4192 Vll.
383 4150 414 4212 p.
430 4148 506 4212 494.
544 4128 688 4192 Omnino
710 4126 766 4190 ista
786 4128 934 4216 Polydori
950 4128 1054 4193 oratio
1076 4129 1204 4196 redolet
1219 4131 1273 4196 so·

226 4229 363 4320 phistam
382 4228 571 4295 Cleomenis
587 4227 710 4294 facinus
725 4229 1024 4317 reprehendentem.
