2692 4770
350 318 406 382 DE
425 319 748 381 surmssmouu.
768 338 797 398 p.
806 318 981 392 tyno-E.
1106 327 1181 381 1003

197 495 268 563 170.
286 480 325 547 C.
346 483 464 565 ‘Effi'ph
477 481 692 570 θηατέρομ]
718 482 810 547 Iliad.
824 485 867 544 n.
878 483 954 562 604.

198 598 268 664 170.
287 583 327 647 C.
349 582 478 664 ὠμότητα
490 584 515 669 ‘i
529 583 680 673 00131104,
700 581 754 649 Ad
772 583 859 648 hunc
874 581 982 649 Iocum
997 581 1107 647 Anon.
1124 602 1183 668 po-

151 680 214 745 suit
238 683 385 768 Demostb.
410 684 471 770 Ep.
490 704 523 769 3.
543 699 575 770 p.
595 685 653 749 18:
676 682 795 755 scilicet
814 683 858 748 ibi
876 682 947 758 hae
962 682 1092 746 nomina
1106 682 1185 747 item

145 781 255 869 jungi,
274 784 384 848 nostris
402 806 478 871 pag.
496 786 567 848 116.
581 786 625 849 D.
654 786 697 849 Et
713 782 1078 869 Plutarchoju-nguntur
1090 782 1184 849 Ihei.

151 905 185 969 p.
200 906 235 969 3.
251 885 291 949 C.
316 887 424 952 Mario
433 907 510 972 433.
527 888 567 952 C.
589 890 657 953 ses.
673 885 886 953 Nuntius.
902 887 978 970 565.
994 884 1034 949 C.
1055 884 1185 951 Juliano

153 988 211 1052 Or.
227 988 255 1051 l.
280 1009 313 1073 p.
327 1010 383 1070 40.
397 991 436 1052 Β.
465 989 518 1054 Sic
538 990 641 1074 πικρὸς
653 989 703 1066 καὶ
713 991 798 1071 ὠμὸς,
814 987 974 1052 Plutarch.
989 987 1074 1053 Virt.
1096 989 1184 1053 Mor.

108 1148 115 1165 ,
152 1108 184 1173 p.
202 1108 278 1173 430.
298 1092 340 1154 Α.
368 1089 485 1154 Liban.
506 1089 656 1156 Declam.
678 1093 772 1154 XIX.
801 1112 833 1176 p.
852 1106 928 1175 507.
949 1091 989 1156 C.
1022 1089 1185 1156 Johannes

153 1187 268 1276 Chrys.
284 1191 410 1256 Homil.
425 1191 579 1256 Antioch.
595 1194 658 1256 Ill.
678 1213 710 1276 p.
724 1192 779 1272 48.
795 1192 840 1257 D.

195 1310 270 1374 170.
284 1294 329 1357 D.
351 1300 441 1357 -mi
457 1293 514 1378 ἐγὼ
526 1293 610 1376 μέσον
623 1293 758 1381 inae-J
783 1292 874 1369 Iliad.
889 1296 930 1357 Ω.
948 1311 1022 1359 010.
1123 1376 1125 1379 ¹

156 1435 159 1439 -
196 1411 269 1478 170.
284 1396 329 1459 D.
360 1400 418 1473 Τὴν
438 1397 465 1459 δὲ
486 1395 591 1484 Sepias
614 1395 731 1480 saw]
770 1394 866 1460 Plane
893 1393 1087 1459 conveniunt
1108 1414 1184 1461 cum

152 1495 324 1559 Menandri
346 1495 498 1575 diiiione,
521 1518 618 1582 quam
634 1495 763 1561 servavit
783 1494 974 1583 Porphyrius
990 1496 1041 1559 De
1059 1494 1184 1560 Abstin.

152 1597 212 1662 lV.
230 1613 289 1680 15:
311 1596 542 1684 -mpsiiuypa
559 1598 621 1671 τοὺς
642 1597 735 1684 {ipss
750 1595 831 1661 λᾶὅι·
848 1594 943 1660 ’Όταν
956 1594 1082 1680 φάγωσιν
1103 1597 1187 1682 ἰχθὺν

152 1699 245 1760 inrisos
263 1698 308 1760 isai
328 1724 391 1762 τινα
412 1705 509 1763 Αὐτῶν
529 1697 681 1785 inprims,
694 1702 756 1772 τοὺς
770 1696 866 1773 πόδας
883 1698 904 1783 'i
921 1698 1033 1784 γαςέςα
1046 1699 1185 1762 01101100·

152 1797 213 1861 ulra
231 1799 347 1862 01010101
368 1798 478 1880 ἔλαθον,
499 1804 536 1874 εἷς
554 1801 581 1862 31
602 1801 659 1863 ὁδὸν
674 1799 835 1863 ’Exibunt
856 1800 933 1862 αὐτοὶ
955 1800 998 1861 inl
1020 1796 1120 1886 xoirps,
1140 1797 1186 1879 nol

150 1903 198 1978 τὴν
217 1904 278 1963 θεὸν
291 1901 480 1979 Ἐξιλίωαπο
495 1906 535 1987 τῷ
551 1909 716 1980 ταπεινώσας
729 1901 846 1987 σφόδρα.
883 1904 908 1965 F
908 1900 1020 1964 ortaffe
1035 1901 1104 1964 haec
1119 1913 1186 1965 tra·

152 2001 276 2067 diderat
290 2003 628 2089 AntipaterTarsenfis
641 2002 723 2071 libro
738 2016 851 2089 quarto
872 2004 924 2067 De
946 2002 1185 2088 superstitione,

150 2105 237 2169 unde
252 2105 362 2170 finiilia
376 2107 415 2172 de
437 2108 496 2172 hac
512 2131 545 2173 re
558 2108 679 2193 profert
693 2107 870 2173 atheneus
883 2108 981 2172 VIII.
1000 2128 1034 2193 p.
1047 2110 1124 2194 346.
1139 2108 1185 2174 D.

150 2206 203 2269 De
218 2204 279 2269 hac
294 2207 447 2294 Syrorum
467 2207 621 2294 seligione
635 2206 767 2272 subinde
781 2210 915 2273 Veteres
930 2206 1078 2294 injiciunt
1090 2229 1186 2282 rnen·

152 2305 288 2385 tionem,
302 2322 335 2371 et
354 2308 543 2373 recentiores
566 2330 676 2374 eorum
699 2309 889 2395 interpretes
911 2308 965 2373 srbi
986 2308 1186 2375 animadver-

153 2408 246 2472 sionis
271 2426 500 2496 argumennun
529 2410 666 2489 faciunt,
688 2432 791 2498 neque
813 2412 878 2475 fere
903 2411 990 2476 hunc
1014 2410 1188 2482 Menandri

151 2525 185 2575 et
208 2509 371 2576 Plutarchi
391 2511 499 2576 locum
523 2512 644 2576 silentio
665 2527 880 2598 praetereunt:
902 2514 969 2580 Jos.
984 2512 1126 2599 Scaliger
1144 2513 1187 2581 ad

153 2612 271 2677 Manil.
288 2615 349 2680 IV.
363 2615 438 2678 800.
458 2615 517 2677 hos
531 2613 617 2699 apud
633 2614 816 2678 Martialem
833 2616 892 2679 IV.
907 2635 960 2699 43.
980 2615 1077 2699 Syrios
1091 2627 1185 2680 tumo-

152 2740 197 2778 res
219 2715 383 2801 intelligit.
421 2716 460 2780 Is.
477 2716 683 2780 casaubonus
706 2714 786 2780 illud
803 2715 892 2780 Persii
906 2719 948 2781 V.
968 2717 1039 2781 186.
1054 2717 1120 2781 den
1134 2718 1185 2783 111-

139 2815 258 2900 stantes
273 2832 390 2903 corpora
406 2817 470 2881 huc
485 2818 596 2882 refert:
614 2831 647 2882 et
657 2816 697 2881 ad
709 2816 916 2902 Theophrasti
931 2816 1080 2884 Charisii.
1091 2821 1184 2886 XIX.

152 2917 220 2993 ἕλκη
242 2917 315 3002 ἔχειν
334 2923 427 2993 ἐντοῖς
442 2918 635 3000 ἀντικνημίοις,
654 2919 853 3003 Frequeniem
873 2917 1011 2983 Athenis
1025 2920 1187 3008 δυσχέρειαν

151 3018 240 3082 inille
256 3018 439 3104 suspicatur.
475 3018 598 3083 Similia
612 3017 653 3083 de
668 3042 701 3084 re
716 3020 781 3105 ipsa
798 3034 951 3084 notarunt
965 3020 1120 3087 Seldenus
1135 3026 1187 3089 De
1308 3096 1321 3112 ⁰

151 3120 223 3183 Diis
245 3119 332 3205 Syris
357 3122 401 3184 II.
414 3140 447 3204 3.
476 3120 600 3185 Voffius
622 3119 703 3184 ldol.
720 3120 843 3185 Gentil.
862 3124 889 3184 I.
906 3141 958 3207 03.
977 3145 1057 3208 quos
1077 3122 1187 3188 laudat

150 3221 294 3285 Davisius
319 3222 359 3285 ad
385 3222 455 3288 Cic.
482 3224 528 3286 N.
547 3224 591 3286 D.
608 3223 671 3286 llI.
690 3225 740 3286 16.
778 3222 1004 3310 Wesselingius
1025 3225 1066 3289 ad
1088 3226 1186 3291 Diod.

151 3323 218 3386 Sic.
237 3325 280 3386 II.
294 3344 328 3404 4.
355 3323 424 3389 Viri
448 3324 545 3392 Doni
570 3323 611 3387 ad
634 3325 768 3389 Lucian.
792 3311 844 3390 De
867 3325 940 3389 Dea
959 3325 1050 3413 Syria
1068 3328 1107 3392 T.
1123 3329 1186 3396 111.

151 3449 186 3513 p.
200 3429 277 3507 460.
300 3429 331 3494 1.
349 3430 472 3514 Upton.
487 3428 528 3491 ad
543 3428 681 3513 Epiuet.
695 3430 775 3494 Diff.
792 3430 820 3493 l.
836 3449 868 3515 9.
885 3452 917 3516 p.
926 3430 980 3515 38.

184 3549 270 3612 ¹170.
285 3531 329 3593 D.
354 3532 578 3615 1μπλῆκτ]ες-]
610 3533 788 3613 temerarios,
801 3533 871 3618 stne
892 3525 1009 3616 corfilr'o¹
1025 3544 1053 3596 et
1075 3532 1188 3597 ratione

151 3645 286 3718 agentes.
320 3633 372 3697 Sic
387 3633 427 3696 de
442 3633 514 3697 Diis
529 3634 681 3698 Isocrates
695 3636 857 3722 Areopag.
881 3657 915 3720 p.
933 3654 1016 3719 250:
1044 3640 1083 3700 rol
1102 3642 1191 3724 vapsi

149 3741 221 3797 θεῶν
240 3740 288 3797 οὐκ
309 3736 472 3814 ἐμπλήκτως
490 3737 547 3799 οὐδὲ
568 3737 739 3822 ταραχωδῶς
760 3739 852 3811 αὐτοῖς
873 3735 1035 3817 avilinam,
1059 3741 1126 3805 ἀλλ’
1142 3743 1188 3804 εὖ·

152 3836 265 3921 καίρως.
304 3837 496 3899 Notavimus
506 3835 549 3899 de
564 3837 702 3900 nominis
716 3838 774 3901 usu
789 3859 822 3922 p.
839 3858 911 3921 149.
926 3839 963 3901 Β.

198 3956 270 4020 170.
287 3939 326 4001 Ε.
349 3944 472 4023 χρυσοῦς
494 3942 632 4023 istricis]
659 3962 765 4001 aureas
786 3939 822 4001 iis
835 3937 958 4023 statuar
977 3951 1100 4027 ponunt.
1139 3942 1189 4008 lta

149 4048 273 4127 χρυσοῦν
288 4066 350 4103 τινα
366 4041 454 4119 ircim
468 4052 502 4104 et
515 4041 652 4116 aissfoisap,
669 4055 703 4104 et
720 4048 842 4127 χρυσοῦς
860 4043 972 4124 leam,
992 4050 1134 4127 χαλκοῦς,
1156 4057 1191 4110 et

154 4143 208 4205 alii
229 4155 261 4204 et
289 4141 489 4221 Plutarchus,
514 4164 542 4204 v.
561 4164 590 4204 c.
626 4142 696 4207 Vit.
724 4163 756 4226 p.
782 4159 855 4228 295.
877 4143 917 4208 C.
944 4145 1020 4228 362.
1045 4145 1083 4208 B.
1111 4147 1187 4229 984.

154 4246 198 4307 A.
233 4245 298 4308 Dio
315 4242 429 4329 Chrys.
445 4234 478 4328 p.
493 4263 568 4327 334.
580 4245 623 4307 A.
646 4263 723 4328 340.
736 4246 780 4310 D.
803 4264 879 4332 343.
895 4245 935 4312 C.
957 4248 1091 4335 3441).
1111 4253 1187 4333 456.
