2692 4770
233 292 387 352 semen
401 292 581 355 sarritur.
594 293 764 354 couvw.
780 293 996 370 prauam.
1070 302 1133 370 9⁵9

97 468 172 518 con.
188 453 216 518 l.
234 474 264 520 1.
283 456 340 522 ubi
352 456 423 532 οἶκος
439 457 589 525 definitur
602 456 737 540 notantia,
752 455 875 523 κοινωνία
888 455 1030 523 cffcclrix
1043 455 1131 533 ciulac

96 553 228 620 dicitur.

142 670 214 742 155.
231 659 271 723 Β.
294 659 469 726 Σόλων-τῦ
483 659 592 749 Kpclca
606 664 654 740 rip
668 660 982 747 οἰκίαν-θεασαίμην]
1008 662 1061 725 Est
1077 660 1132 726 hic
1238 741 1243 752 ,

96 755 152 822 ille
173 758 300 823 Solonis
315 782 389 826 curn
406 761 515 827 Croeso
529 761 659 827 habitus
678 764 781 828 sermo
795 784 815 827 a
828 761 939 827 multis
953 761 1132 827 celebratus

96 859 227 925 auclore
247 861 418 928 Herodoto
440 864 468 927 Ι.
483 883 539 948 30.
574 862 764 929 Plutarchus
785 862 841 928 fibi
864 863 929 950 ipse
953 863 1074 931 constat
1097 862 1133 930 in

97 983 149 1041 eo,
171 962 260 1048 quod
281 964 439 1050 AEsopum
454 964 569 1029 eodem
585 978 730 1051 tempore
751 963 785 1030 in
805 964 903 1029 Croefi
921 964 994 1029 aula
1007 964 1131 1053 degen-

98 1075 166 1127 tem
188 1063 419 1150 reprehendille
442 1064 549 1131 scribit
569 1054 696 1130 Solonis
717 1065 808 1131 illum
830 1066 986 1130 austerum
1008 1066 1131 1132 cando·

97 1186 180 1244 rem,
195 1165 227 1230 in
241 1165 320 1254 Ejus
335 1167 412 1232 Vna
432 1189 465 1253 p.
483 1187 536 1254 94.
554 1167 594 1233 Β.
635 1167 943 1255 Sermoniapartem
964 1167 1151 1265 attigimus.3

97 1287 132 1351 p.
149 1267 223 1332 108.
236 1269 270 1331 P.

144 1385 216 1452 155.
230 1368 270 1433 Β.
293 1376 347 1432 τῶν
361 1371 388 1433 ἐν
402 1373 478 1455 αὐτῷ
491 1376 600 1452 μᾶλλον
614 1374 733 1455 ἀγαθῶν
752 1367 769 1446 ἢ
785 1376 840 1434 tait
855 1371 929 1457 παρ’
941 1370 1030 1455 αὐτῷ]
1055 1370 1135 1435 Hoc-

98 1468 142 1532 est
165 1481 392 1555 argumentum
416 1469 571 1536 Platonici
592 1469 711 1558 dialogi
725 1469 902 1536 Alcibiadis
920 1472 948 1535 1.
969 1469 1004 1535 in
1019 1470 1131 1557 primis

97 1590 132 1656 p.
146 1571 202 1655 36.
217 1569 282 1657 seq.
297 1584 331 1634 et
348 1570 418 1635 aliis
433 1571 465 1635 in
480 1571 616 1659 dialogis
631 1571 792 1658 frequent.

144 1692 158 1736 1
162 1690 182 1756 5
183 1688 216 1757 5.
232 1673 270 1736 B.
293 1672 450 1755 ἀλώπεκος]
474 1673 664 1738 Plutarchus
681 1673 734 1737 De
747 1671 860 1737 Animi
872 1685 906 1738 et
920 1671 1020 1758 corp.
1034 1671 1131 1740 Vrtiis

99 1791 132 1859 p.
147 1793 223 1857 500.
240 1772 283 1838 C.
296 1773 442 1838 eamdem
456 1774 515 1839 sub
528 1775 640 1859 AElopi
654 1771 790 1852 nomine,
798 1774 895 1838 refert
909 1772 1063 1839 fabulam.
1092 1775 1131 1839 In

98 1873 309 1939 Neveletiana
320 1873 462 1940 editione
475 1875 573 1939 exstat
590 1874 727 1940 CLXII.
749 1874 864 1939 Latine
882 1872 1008 1940 reddita
1028 1873 1061 1939 in
1080 1874 1131 1940 A·

99 1970 183 2039 viani
195 1975 304 2041 libello
317 1976 389 2041 XL.

145 2092 217 2160 155.
233 2077 272 2141 C.
304 2080 467 2165 σεςινοςεῑς]
503 2074 703 2163 Displicuilse
731 2073 856 2141 videtur
882 2073 1130 2161 interpretibuss

99 2175 264 2265 Xylander
277 2176 382 2242 reddit
395 2175 610 2266 circumspicis:
634 2175 811 2256 Cmserius,
822 2175 997 2265 perlustras.
1026 2177 1131 2266 Amy·

98 2292 174 2344 otus
195 2277 360 2364 aliquanto
382 2277 514 2366 propius
531 2277 573 2343 ad
594 2277 657 2342 vim
672 2277 759 2343 verbi
773 2276 941 2357 accedens,
961 2290 994 2343 tu
1010 2302 1068 2343 vas
1081 2302 1131 2342 re·

95 2379 245 2467 gordani.
294 2380 433 2447 Reissdus
455 2378 588 2466 corrigit
607 2383 753 2466 aspiratis,
779 2378 983 2466 circumspicis,
1007 2391 1131 2444 contem-

95 2480 206 2569 plaris.
250 2481 297 2546 At
318 2481 522 2546 retinendum
545 2494 584 2547 ut
604 2480 733 2568 insignis
755 2479 924 2567 elegantiae
944 2479 1076 2546 verbum
1098 2494 1133 2548 et

98 2582 269 2670 periphrali
286 2583 473 2648 inserviens:
497 2581 614 2647 rectius
628 2580 886 2669 interpungenda
906 2581 1022 2660 oratio,
1040 2604 1131 2649 ccm-

99 2698 188 2749 mate
202 2685 270 2770 post
279 2689 431 2771 ωερενοςᾶς
448 2682 555 2748 deleto
568 2694 602 2747 et
615 2683 716 2769 possto
731 2682 800 2767 post
810 2683 968 2767 ἡγούμενος,
982 2683 1045 2747 hoc
1060 2684 1131 2749 sen·
1160 2723 1162 2726 -

99 2787 154 2853 su:
179 2797 212 2850 tu
224 2809 295 2850 vero
309 2785 426 2851 oberrat
440 2784 638 2872 lapicidarum
652 2783 849 2870 etfabrorum
864 2799 951 2873 opera
962 2800 1020 2873 pro
1035 2786 1130 2851 domi-

101 2889 154 2953 bus
169 2870 291 2968 babens,
306 2912 363 2952 non
382 2887 522 2951 interiora
540 2888 731 2974 cujusquc-.
767 2887 810 2951 Et
823 2884 863 2950 de
876 2886 998 2972 AEsopo
1012 2885 1135 2955 dicium

99 3015 166 3055 eum
181 2991 317 3055 oberrare
331 2988 418 3054 haud
432 3002 519 3055 caret
532 2987 692 3068 acumine,
707 2986 828 3075 quippe
841 2986 995 3074 fignificat
1009 2989 1050 3054 ad
1065 2989 1134 3077 ejus

100 3091 384 3179 peregrinationes,
403 3105 440 3156 ut
459 3088 569 3179 τρίχας
582 3090 674 3176 supra
692 3110 726 3175 p.
744 3108 805 3173 150
820 3113 828 3152 r
853 3101 886 3153 ct
899 3089 1050 3175 producit
1063 3113 1134 3157 me·

100 3195 272 3283 taphoram
294 3195 335 3260 de
357 3194 434 3259 Solis
448 3192 697 3271 circumvectione,
715 3190 814 3255 veluti
837 3189 937 3254 εἴδωλα
958 3189 1135 3276 Epicureo·

97 3319 173 3364 -rum
188 3296 341 3363 dicuntur
353 3302 550 3382 περινοςυῦπα
565 3294 610 3358 ΙΙ.
627 3314 662 3379 p.
673 3311 749 3374 420.
763 3292 804 3356 B.
840 3290 904 3356 Sed
917 3291 950 3355 in
962 3290 1136 3378 ‘periphrati

98 3399 235 3466 subinde
249 3397 329 3463 dixit
344 3396 544 3474 Plutarchus,
559 3416 629 3462 v.c·
656 3395 702 3460 ll.
717 3415 750 3480 p.
760 3394 838 3475 482.
852 3393 892 3458 C.
907 3398 1138 3479 σερινοςοῦσινίν

99 3507 156 3576 τοῖς
175 3504 301 3583 asnaa
321 3503 369 3578 τὴν
392 3497 494 3564 κακίαν
513 3494 752 3584 wgcdam'pstss,
774 3493 967 3559 obambulant
988 3492 1137 3560 malitiam

99 3605 133 3667 in
142 3603 301 3690 fratribus
321 3598 572 3690 reprehendentes.
608 3598 685 3681 485.
700 3597 741 3662 C.
763 3601 841 3661 araim
863 3601 1000 3682 σερινοςᾶ
1020 3601 1136 3678 φθονῶν.

47 3718 49 3723 ’
97 3708 132 3770 tl.
159 3728 192 3792 p.
210 3706 282 3773 218.
306 3707 344 3769 E.
371 3704 526 3789 exspirata-ai
547 3697 748 3787 σεριὸιδιμένος
770 3699 804 3761 τὸ
826 3695 962 3780 μέτωπον.
999 3699 1074 3782 655.
1096 3700 1137 3764 Β.

102 3806 259 3895 ςςατηγίας
274 3811 300 3870 is
313 3812 353 3891 τῷ
367 3802 526 3893 ςςατοπῦδφ
538 3807 741 3888 capnos-sitm
754 3802 882 3883 ἐμνῶντο.
906 3815 981 3884 970.
995 3799 1035 3863 B.
1060 3799 1139 3866 Ari-

104 3908 196 3973 stides
219 3910 259 3973 T.
276 3909 321 3971 ll.
345 3928 378 3993 p.
394 3907 470 3991 367.
505 3902 669 3968 Lucienus
691 3899 888 3965 Hermotim.
907 3900 945 3963 T.
961 3901 990 3963 I.
1011 3920 1046 3986 p.
1063 3901 1139 3967 820.

103 4011 225 4075 Eadem
247 4008 371 4074 ratione
385 4007 503 4073 dicitur
517 4005 658 4084 incedere,
673 4000 841 4082 ambulare,
855 3999 968 4088 ςόχεν,
981 4005 1141 4089 regeniis,

103 4113 145 4179 de
160 4134 225 4200 quo
239 4132 373 4199 agemus
387 4131 421 4196 p.
439 4128 536 4195 1091.
548 4109 588 4173 B.

151 4231 225 4301 155.
239 4215 283 4283 D.
305 4216 337 4278 δι’
352 4212 445 4296 αὑτὸν]
476 4211 537 4276 Per
548 4211 585 4295 st
606 4207 710 4296 ipsum,
730 4218 769 4274 ut
788 4206 934 4296 supralp.
952 4218 1024 4294 152.
1040 4208 1083 4274 A.
1104 4208 1139 4275 in
