2692 4770
283 294 286 301 ·
356 281 941 358 nssmsnsmmona.p.1ss.a-
1073 286 1149 352 1017
1199 346 1208 359 ⁸

128 465 191 509 non
207 443 297 524 item,
312 445 430 510 alinum
445 444 531 512 verbi
546 446 667 510 caussa:
688 446 742 508 Τδν
756 442 811 508 ὄιον
827 447 889 531 ὀρᾷν
903 441 973 520 {Eser
986 447 1084 529 ιιςῶια
1095 467 1151 505 ιιι-

127 543 193 607 τονδ.
224 544 313 619 Οὗτος
329 546 502 627 κακοδαίμων
518 548 572 619 ἰςὶν
586 544 806 629 δμολογνμὸνιος.
841 543 937 627 Τούτῳ
952 544 1037 606 αακδν
1051 542 1082 603 δι’
1096 545 1151 603 αὖ·

125 646 171 706 τὸν
186 647 257 708 οὐδὲν
269 645 385 729 plsami.
415 645 522 723 “Ate
541 647 620 724 φύσις
633 646 742 709 δέδοικεν
755 649 841 730 αὐτῷ,
856 646 934 707 ταῦτ’
949 643 1019 729 ἔχει.
1053 644 1152 724 Ἡμὸς

126 745 152 806 δί
164 747 251 831 χωρὶς
265 755 318 809 τῶν
331 748 491 832 ἀναγκαίων
509 756 614 825 κακῶν,
634 748 718 810 Αὐτοὶ
738 748 811 833 ναξ
826 749 915 809 αὐτῶν
928 744 1008 831 iupa
1020 766 1152 830 expom-

126 845 242 932 ςῖζομιν.
282 849 439 928 Λοποόμεδ’
458 847 492 912 ἂν
513 848 611 934 οπίιρῃ
633 870 683 922 τις·
707 845 741 911 sis
760 847 817 932 εἴπῃ
839 854 943 924 κακῶς,
961 845 1149 931 'Omma-5⁸·

124 945 212 1033 trit,
229 975 269 1021 τις
290 949 415 1028 ἐνύπνιον,
430 951 534 1036 σφόδρα
552 948 719 1031 Φοὲοὗμεδ·
742 946 775 1011 ἂν
788 951 884 1031 γλαῦξ
896 946 1054 1034 ἀνακράγῃ,
1068 946 1151 1010 διδοῖ·

125 1072 223 1128 καμιι.
259 1049 385 1113 Deinde
406 1050 529 1114 nullum
552 1051 648 1114 exstat
669 1049 702 1114 in
723 1048 785 1112 hoc
807 1047 880 1114 loco
902 1046 1067 1126 indicium,
1089 1050 1151 1110 δαι-

124 1146 212 1227 μόνιον
231 1156 318 1234 ῥεῦμα
341 1149 406 1228 ἄτης
430 1174 468 1215 ex
489 1151 552 1215 alio
573 1150 735 1236 scriptore,
758 1163 813 1213 aut
832 1164 938 1233 poeta,
959 1162 1055 1233 atque
1072 1146 1153 1213 adeo

126 1248 315 1313 nominatim
335 1273 373 1314 ex
395 1250 548 1339 AEschylo
570 1249 752 1315 desumtum
773 1248 843 1314 effe.
879 1249 965 1313 Nam
979 1246 1066 1334 quod
1081 1247 1152 1316 hoec

124 1348 246 1413 seorsim
266 1373 304 1416 ac
324 1351 447 1417 diverfis
461 1352 540 1417 locis
556 1352 687 1416 adhibet
701 1350 831 1416 nomina
844 1349 1017 1436 AEschylus
1030 1349 1151 1416 nullam

125 1449 224 1515 habet
237 1452 424 1518 imitationis
437 1453 672 1519 auctoritatem.
706 1451 858 1536 Sophocli
872 1451 914 1515 est
929 1450 981 1527 ἄτη
995 1450 1106 1538 οὐρανία
1118 1451 1152 1517 ἱιι

125 1551 226 1637 ajace
247 1569 318 1638 197·
356 1555 490 1619 Pindaro
512 1555 645 1642 olymp.
668 1556 711 1618 x.
727 1555 781 1633 46.
802 1554 893 1631 sm.
913 1556 950 1627 ιιι
968 1554 1065 1638 exero
1081 1550 1153 1630 οτιι

122 1654 227 1734 ἵζοισαν
248 1660 295 1718 ἐὰν
314 1655 411 1720 πόλιν·
442 1656 529 1742 quod
551 1655 738 1721 Scholialles
762 1654 987 1739 interpretatur
1008 1658 1044 1728 ιίς
1064 1661 1153 1740 ῥεῦμα
1253 1654 1256 1659 ’

124 1751 190 1831 ἕνης
204 1758 375 1837 immitens.
405 1757 457 1821 Est
471 1757 541 1820 haec
557 1755 716 1822 Plutarchi
739 1754 949 1834 consuetudo,
968 1768 1005 1819 ut
1023 1777 1082 1842 pro
1100 1777 1151 1821 ar·

123 1857 271 1940 gumenti
289 1858 444 1944 gravitate
459 1857 636 1922 orationem
651 1855 783 1922 subinde
804 1855 845 1920 ad
861 1856 1020 1941 poeticam
1034 1856 1151 1923 dieto·

124 1978 198 2021 nem
222 1958 366 2039 extollat,
392 1981 451 2023 nec
475 1973 583 2023 tamen
609 1971 732 2023 certum
755 1957 891 2043 alicujus
916 1972 1020 2044 poetae
1041 1959 1151 2026 locum

124 2057 261 2143 spedtat:
285 2059 338 2124 led
357 2059 427 2124 haec
447 2060 575 2146 quidem
596 2061 689 2124 verba
707 2058 826 2145 φίμιθαι
838 2065 926 2146 ῥεῦμα
939 2060 1072 2143 δαιμονίον
1083 2060 1151 2142 ἄτης

124 2173 250 2244 poterat
263 2161 360 2225 etiarn
375 2163 458 2227 intra
471 2162 535 2227 suae
557 2161 690 2226 modum
704 2161 941 2248 terminumque
954 2162 1053 2247 prosse
1070 2183 1151 2228 con-

119 2258 269 2347 jungere.
306 2262 458 2327 Similiter
471 2271 559 2348 ῥεῦμα
576 2262 617 2327 ad
631 2264 706 2328 alias
720 2286 770 2328 res
784 2263 967 2328 mandatum
982 2263 1148 2350 reperitur.

124 2384 154 2427 v.
169 2384 199 2427 c.
236 2365 322 2450 Opp.
344 2367 432 2430 Mor.
455 2387 487 2451 p.
503 2369 577 2450 609.
592 2367 630 2430 B.
651 2370 708 2441 τοῖς
728 2372 880 2449 κλαυθμῶν
894 2368 941 2431 καὶ
956 2370 1074 2454 ὀδυρμῶν
1086 2369 1149 2457 μού·

122 2490 209 2545 μασιν
227 2469 257 2530 ἐκ
278 2473 345 2548 μιᾶς
365 2473 462 2550 πηγῆς
476 2466 622 2552 φερομέναν
643 2468 751 2549 ἐφιέναι.
787 2469 840 2533 De
854 2467 986 2532 effluviis
1000 2471 1100 2534 Lunae
1115 2470 1149 2536 ln

122 2578 240 2630 terram
256 2588 289 2652 p.
304 2570 379 2652 658.
401 2568 440 2632 C.
465 2576 513 2632 τοῦ
534 2567 664 2653 φιρομὸνιι
680 2568 812 2654 ῥεύματος
825 2573 873 2632 ἀπ’
886 2574 979 2646 αὐτῆς.
1015 2571 1162 2637 Divina·-

123 2665 219 2731 tlonls
232 2670 263 2730 τδ
277 2670 407 2751 μαντικδν
421 2676 508 2754 ῥεῦμα
522 2670 543 2754 a}
559 2676 684 2750 πνεῦμα.
721 2669 839 2734 Similis
861 2670 942 2735 ratio
960 2692 992 2755 p.
1006 2687 1083 2756 357.
1098 2673 1147 2738 At

122 2767 248 2852 δαιμονίῳ
268 2769 401 2850 πνεύματι
424 2769 510 2850 φήμης
528 2769 686 2849 πυθομένην
706 2774 753 2847 τὴν
767 2768 1029 2850 Ἶσιν-ἇφιιιίῶαν,
1065 2773 1148 2837 Item

121 2864 194 2931 loco
207 2865 335 2952 effluvii,
350 2866 558 2946 exhalationis,
573 2870 726 2954 ἇιιοῤῥοῖας,
744 2892 776 2956 p.
789 2870 862 2951 648.
877 2872 919 2934 A.
934 2872 1008 2936 680.
1023 2874 1057 2936 F.
1072 2873 1147 2962 683.

122 2966 165 3029 A.
189 2968 264 3051 916.
279 2964 323 3030 D.
348 2969 421 3052 938.
438 2968 482 3030 D.
518 2970 592 3032 lam
613 2968 657 3031 nil
679 2969 875 3054 frequentius
893 2971 1055 3037 mentione
1069 2971 1148 3055 ἄτης,

122 3067 180 3131 five
198 3083 236 3131 ut
249 3068 390 3148 numinis,
404 3069 461 3133 five
476 3083 513 3132 ut
527 3069 650 3133 damni:
673 3084 707 3134 et
728 3071 915 3137 Plutarchus
933 3072 1066 3139 adhibet
1086 3097 1147 3143 no·

121 3191 207 3247 men,
222 3181 337 3254 praeter
353 3171 438 3233 hunc
452 3169 561 3233 locum
575 3191 608 3255 p.
624 3173 695 3250 164.
712 3171 752 3236 C.
775 3174 851 3252 418.
866 3176 905 3239 E.
932 3175 1000 3239 Vit.
1014 3179 1090 3240 666.
1104 3178 1147 3244 A.

121 3281 154 3331 et
175 3268 307 3350 δαιμόνιος
325 3271 444 3334 centies
466 3270 552 3355 apud
575 3270 724 3334 eumdem
744 3273 852 3337 exstet.
896 3273 1044 3360 Denique
1066 3276 1149 3358 οἴνων

121 3370 312 3456 recepimus,
332 3386 369 3435 ut
390 3371 560 3436 lethonem
580 3372 771 3459 legitimam,
792 3376 910 3461 quippe
932 3398 1003 3463 quse
1024 3377 1148 3446 bonum

121 3472 242 3536 sensum
258 3474 424 3557 praeberet,
437 3487 469 3537 et
484 3474 678 3559 praeberetur
692 3474 758 3560 ipsa
770 3475 811 3540 ab
824 3476 948 3561 optimo
963 3478 1075 3544 codice
1088 3501 1148 3547 an·

120 3571 221 3658 tiquo.
258 3575 345 3637 Nam
368 3588 549 3660 poteramus
571 3576 786 3662 conjecturam
808 3580 918 3643 afferre
940 3583 1147 3667 probabilem,

121 3676 218 3737 utris
232 3679 278 3737 νῦν
294 3690 458 3761 tamquam
474 3679 513 3740 ab
532 3677 741 3742 antecedente
756 3680 837 3743 αὑτὸν
850 3698 883 3744 et
898 3682 1047 3767 sequente
1064 3695 1160 3752 noris·

120 3776 294 3839 conflatum
310 3776 499 3855 doleremus,
522 3792 556 3841 et
577 3778 840 3843 constmttionem
856 3781 1017 3846 sententie
1035 3785 1076 3848 ab
1089 3808 1147 3850 an·

121 3880 289 3944 tecedcnte
303 3882 368 3959 φηοὶ
384 3894 610 3964 repeteremus.
637 3882 683 3943 At
696 3879 756 3943 alia
769 3881 811 3944 eli
826 3881 982 3967 legitima,
995 3884 1057 3948 alia
1071 3907 1147 3970 pro·

119 3981 232 4045 babilis
244 3981 359 4045 lediioz
383 3979 538 4065 legitima,
554 3980 607 4043 nili
628 4003 647 4044 a
665 3979 828 4045 codicibus
843 3982 950 4046 oblata
965 3985 1148 4070 probabilis,

121 4081 209 4162 nulla
222 4081 284 4145 est:
308 4081 395 4165 quod
409 4081 592 4144 monuimus
607 4102 639 4166 p.
652 4097 703 4164 15.
717 4082 761 4144 A.
799 4083 880 4146 Haec
894 4099 1145 4169 praetermorem

122 4183 260 4248 nostrum
276 4183 372 4247 fufius
386 4182 608 4268 explicuimus,
623 4195 656 4246 et
670 4195 706 4246 ut
721 4183 876 4248 rationem
891 4184 1080 4254 iuberemus
1092 4188 1148 4263 viri
