2692 4770
248 315 309 382 νον
425 311 480 402 ¹u.
489 313 540 370 W.
562 312 769 377 auruum.
791 312 838 372 m·
860 311 1093 371 muranum

247 475 285 534 τοὶ
299 479 352 536 τῶν
366 473 514 559 ἀνθρώπων
526 476 732 559 ἐκμομῦθωταη.
759 478 796 541 ln
811 475 952 541 Theonis
965 473 1108 562 quidem,
1122 484 1160 536 ut
1174 469 1282 567 erudi7

247 573 354 639 tiffimi
374 574 664 666 diligentiffimique
679 579 851 666 scriptoris,
866 579 939 644 loco
954 575 1041 641 haud
1061 575 1124 641 scio
1145 596 1185 639 an
1210 574 1283 637 Ho-

246 676 327 741 meri
342 679 465 743 mentio
478 679 607 745 aliunde
627 681 749 746 invecta
768 682 823 759 ἧος
847 681 967 767 quippe
981 701 1079 766 quem
1098 676 1162 742 hoc
1180 696 1285 764 genua

246 779 441 860 fabularum,
462 781 553 862 οἴνων,
575 783 723 870 attigiffe‚
746 805 766 848 a
788 784 915 848 nemine
936 784 1095 848 Veterum
1118 778 1283 865 proditum

246 882 404 947 novimus.
438 884 644 972 Quamquam
658 884 798 950 dubitari
813 883 937 971 nequit,
953 882 1031 969 quin
1046 882 1102 947 diu
1115 895 1193 946 ante
1208 882 1281 946 Ho-

244 1005 371 1049 merum
396 983 428 1048 in
450 986 573 1075 vulgari
598 986 768 1053 hominum
793 984 1025 1052 cousuetudine
1050 984 1202 1072 frequens
1228 983 1281 1049 fu·

246 1102 319 1152 erli-

290 1192 362 1274 158.
378 1191 419 1257 C.
442 1200 491 1256 τοῦ
511 1192 617 1276 μεγῖςν
640 1201 694 1256 τῶν
712 1192 890 1278 ἀγαθῶν-]
921 1190 1067 1277 Expreffa
1087 1188 1228 1255 imitatio
1240 1211 1278 1255 ex

244 1293 435 1358 nobilissimo
448 1293 589 1359 Socratis
603 1292 690 1358 diuo
704 1293 790 1379 apud
805 1292 1056 1379 Xenophontem
1071 1293 1176 1357 Mem.
1189 1293 1276 1356 Socr.

246 1394 275 1459 I.
292 1396 323 1457 6.
342 1415 403 1457 10:
432 1394 513 1481 Ἐγοδ
532 1395 558 1457 δὲ
582 1394 681 1476 νομίζω
699 1397 731 1458 ri
749 1395 799 1476 piu
812 1395 920 1476 μηδενὸς
941 1395 1036 1472 διῖοθας
1055 1396 1127 1456 θεῖον
1150 1392 1227 1471 clm,
1248 1393 1279 1455 οδ

245 1496 273 1559 δὲ
287 1499 322 1571 ὡς
337 1495 479 1582 ἐλαχίςων
501 1495 641 1581 ἐγΓοτίιτω
659 1503 707 1559 τοῦ
728 1494 801 1561 θείω·
826 1493 873 1576 καὶ
885 1498 917 1559 τὸ
930 1496 981 1576 μὲν
994 1499 1066 1558 θεῖον
1084 1495 1225 1580 κράτιςον·
1247 1495 1278 1557 τὸ

244 1596 273 1658 δί
299 1595 437 1681 ἐγῐιιτᾶτω
458 1601 496 1659 ‘rai
516 1594 591 1674 θείω,
614 1594 760 1680 ἒγῖοτᾶτω,
773 1602 821 1661 τοῦ
840 1593 970 1681 aperire·
995 1593 1194 1681 quodquam
1215 1593 1277 1660 fre·

243 1719 345 1783 quens
361 1698 555 1786 posterorum
571 1697 876 1763 commemoratione
897 1697 1101 1782 Scriptorum
1114 1695 1277 1777 exstiterit,

245 1798 460 1866 Ruhnkenius
474 1800 575 1865 noster
589 1799 764 1865 annotavit.

289 1901 361 1985 158.
378 1900 418 1965 C.
441 1899 456 1978 ἣ
477 1905 499 1963 εἰ
519 1903 550 1965 ri
567 1900 683 1986 με’γιςον
701 1899 730 1964 εὖ
750 1901 833 1986 δοκεᾏ
859 1900 952 1965 Harl.
972 1921 1000 1963 1.
1020 1899 1036 1977 h
1057 1901 1089 1964 τδ
1110 1899 1228 1986 με’γιςον
1247 1905 1277 1966 οὖ

243 2002 325 2080 δοκεῖ,
343 2026 384 2065 an
399 2025 458 2065 non
472 2002 631 2066 maximum
644 2001 778 2080 videtur,
794 2001 1011 2088 probabiliter.

286 2103 358 2187 158.
374 2101 415 2167 C.
437 2102 608 2189 Κλεόδημος]
635 2100 729 2166 Harl.
748 2123 777 2167 1.
792 2121 823 2169 2.
838 2101 1006 2189 Κλεόδωρος.

287 2225 298 2268 ι
305 2206 360 2290 58.
377 2205 417 2268 C.
439 2211 491 2290 γῆς
505 2204 704 2293 ἀναιρεθείσης]
731 2206 808 2269 Non
827 2204 922 2289 plane
939 2204 1080 2270 alienum
1098 2205 1142 2270 est
1156 2206 1274 2272 aTha·

241 2306 314 2372 letis
338 2305 481 2385 ratione3
505 2327 620 2392 neque,
643 2304 719 2369 licet
740 2304 815 2370 alibi
831 2329 894 2371 non
911 2305 1074 2392 proditum
1088 2307 1273 2393 reperiatur,

241 2408 314 2473 ideo
329 2407 438 2472 fictum
452 2406 571 2472 censeri
585 2405 692 2485 debet,
702 2405 790 2494 quod
804 2407 881 2473 fecit
895 2407 1079 2474 Bruckerua
1096 2409 1177 2473 Hin.
1192 2409 1274 2475 Crit.

243 2509 425 2596 Philosoph.
440 2512 478 2575 T.
497 2512 523 2573 l.
547 2532 580 2596 p.
595 2526 671 2595 473.

286 2614 358 2697 158.
373 2613 416 2676 D.
439 2611 665 2697 βίος-διαγωγή
684 2638 724 2685 τις
739 2613 793 2685 iria
807 2611 939 2700 ἀνθρώπω
952 2614 1075 2700 πράξεων
1090 2613 1187 2700 ἔχοοοι
1202 2615 1272 2693 διέξ-

240 2717 308 2800 οδον]
336 2713 490 2778 Definitio
511 2735 692 2799 congruens
712 2713 826 2778 rationi
846 2716 1040 2780 Stoicorum.
1078 2717 1274 2804 Porphyrius

239 2838 291 2903 ap.
318 2817 482 2881 Stobaeum
509 2813 621 2901 Eclog.
646 2814 754 2879 Ethic.
777 2818 820 2879 Il.
842 2836 923 2881 201:
956 2823 980 2880 ci
1004 2818 1055 2900 μὲν
1078 2822 1135 2903 γὰρ
1157 2819 1211 2880 ἀπὸ
1229 2823 1275 2895 τῆς

240 2926 304 2992 ςοῑις
320 2918 380 2996 βίον
396 2917 521 3001 λέγεθση
540 2914 753 2998 ὑπολαμὲἇνιιοι
776 2921 840 2981 καθ’
860 2918 926 2981 ἕντι
942 2919 1136 3002 σημαινόμενον
1158 2925 1274 3005 λογικῆς

240 3021 305 3100 ζωῆς
324 3018 435 3096 διέξοδον
458 3020 539 3079 αὐτὸν
560 3016 736 3096 ἀποδιδόντες,
757 3022 788 3097 ἐξ
805 3024 939 3106 ἐνεργειῶν
961 3020 1005 3101 κο)
1027 3022 1170 3107 picturari
1186 3023 1274 3100 ποιη-

238 3143 306 3181 οεων
329 3117 374 3196 aul
398 3118 578 3198 παθημάτων
600 3126 766 3192 σννιςῶοαν.
805 3120 958 3186 Similiter
976 3123 1064 3187 Dion
1084 3122 1199 3210 Chrys.
1217 3124 1274 3188 Or.

238 3222 333 3285 Vlll.
352 3243 385 3307 p.
402 3240 473 3304 115.
489 3220 540 3283 A:
565 3219 699 3302 ὑπεθέμην
714 3223 764 3299 βίω
786 3250 807 3308 ιη
832 3229 877 3298 τῆς
899 3231 951 3287 τῶν
972 3226 1097 3302 ωονητων
1120 3227 1274 3311 διαγωγῆς,

237 3322 423 3407 παράδειγμα
445 3323 573 3400 ἐκτιθεὶς,
594 3319 608 3383 δ
627 3323 708 3395 αὐτὸς
726 3323 874 3404 ἠπιςᾶμην,
894 3330 933 3410 τῷ
949 3325 1095 3412 βιιλομένω
1109 3326 1273 3407 θιάοαοθσς,

238 3426 329 3509 λόγων
347 3451 378 3486 τε
392 3426 413 3510 'i
429 3424 515 3508 ἔργων
529 3422 574 3500 καὶ
588 3432 725 3487 κοινωνιῶν
739 3434 793 3488 τῶν
806 3426 878 3512 apis
892 3428 1041 3504 ἀλλήλους.
1082 3428 1113 3491 V
1111 3429 1164 3491 itae
1177 3430 1273 3494 ωθὲο-

237 3550 314 3604 nem,
330 3527 542 3589 tradutiioncnt
559 3525 589 3588 in
605 3526 719 3611 negotio
741 3528 878 3612 quodam,
897 3544 988 3592 notat
1010 3527 1194 3610 Plutarch0,
1213 3532 1273 3595 Pe·

236 3626 313 3691 ricle
337 3649 369 3712 p.
388 3645 459 3711 173.
478 3629 523 3691 D.
561 3627 736 3714 Porphyrio
755 3627 878 3691 Abstin.
895 3629 923 3691 1.
944 3649 994 3693 11.
1017 3631 1086 3717 φέρει
1103 3637 1178 3707 τινὰς
1199 3636 1274 3720 πρὸς

236 3734 283 3808 τὴν
305 3730 463 3814 ἀναγκαίαν
488 3733 550 3810 ἡμῖν
571 3731 711 3813 διαγωγὴν
735 3730 879 3812 ὠφελείας,
907 3733 991 3795 recle
1015 3733 1159 3812 vertitur,
1184 3736 1272 3798 utili·

236 3842 311 3893 tatas
325 3830 466 3917 quasdam
483 3832 526 3893 nd
543 3831 729 3917 ncceffirriam
751 3831 832 3894 uobis
854 3832 930 3894 vitae
952 3834 1165 3898 tradutiionem
1185 3837 1274 3901 exhi·

236 3930 314 3996 beat.
352 3932 499 4018 Epicteto
521 3933 600 3997 locis
623 3933 654 3996 iu
677 3931 784 3997 Indice
806 3935 931 4020 Uptoni
955 3937 1073 4000 notatis
1095 3960 1173 4002 voce
1195 3947 1273 4003 Δια-

234 4038 329 4122 γωγὴ.
368 4035 588 4120 Conjuncium
611 4049 645 4098 et
668 4035 791 4121 origine
816 4053 849 4100 et
876 4038 1007 4102 notione
1031 4040 1074 4102 est
1099 4043 1271 4127 διεξαγωγη.

234 4157 264 4200 ν.
280 4161 309 4201 c.
326 4135 411 4222 apud
428 4135 611 4201 Hieroclem
628 4138 719 4202 Stob.
734 4161 766 4223 p.
780 4158 860 4218 414:
884 4139 934 4218 pla
950 4143 1121 4225 διεξαγωγὴν
1135 4146 1269 4218 εὐςαθὲς.

231 4250 319 4324 ‘4152
351 4238 423 4324 arpis
449 4238 565 4326 μετρίαν
592 4238 654 4318 βίον
683 4240 863 4324 διεξαγωγῆν·
897 4241 941 4304 ad
966 4243 1063 4306 vitam
1089 4245 1271 4312 mediocriter
