2692 4770
304 301 1050 386 APOPHTH.LACON1CA.psalm-caan.
1121 309 1194 376 1191

206 481 280 551 231.
296 467 332 533 F.
354 466 404 556 a]
431 471 468 535 In
492 468 661 551 Laconicis
683 470 776 557 supra
794 468 933 559 legimus
954 490 989 555 p.
1005 481 1080 551 225.
1096 466 1140 530 D.
1161 476 1196 529 et

161 581 237 651 217.
252 569 295 636 A.
311 570 368 636 ubi
381 571 474 657 plura
487 571 722 638 annotavimus.

203 686 277 756 231.
298 673 334 738 F.
367 676 719 761 ssOAVKPATlAOF.]
751 669 988 761 Πεισιστρατίδας
1010 667 1196 737 nominatur
1227 684 1233 697 ·

157 767 192 836 in
212 772 290 838 Vita
311 776 466 864 Lycurgi,
487 776 573 843 unde
587 776 640 843 bic
654 776 745 843 locus
759 775 949 863 depromtus
969 775 1013 839 est
1034 794 1068 858 p.
1080 786 1135 857 55.
1153 769 1195 834 C.

158 869 358 942 Laconicum
378 878 421 943 est
441 877 523 958 αἴκα,
545 879 666 966 dequo
680 877 913 946 Valckenarius
926 875 968 942 ad
985 872 1148 941 Tlreocrit.
1166 873 1193 937 1.

162 993 222 1041 102
244 976 390 1066 Toupius
411 979 564 1069 Append.
584 980 618 1045 in
640 979 804 1047 Theocrit.
828 1002 860 1067 p.
877 998 908 1048 2.
945 977 1009 1054 Sed
1027 974 1122 1043 nostri
1136 995 1195 1039 co·

157 1076 246 1145 dices
260 1107 272 1146 a
287 1082 438 1148 retinent.

201 1199 275 1267 231.
292 1185 328 1249 F.
351 1186 580 1269 tolerator]
603 1187 677 1252 Nec
693 1184 815 1251 dietum
838 1167 897 1251 nec
919 1181 1060 1251 bominis
1075 1201 1194 1247 nomeu

155 1279 269 1348 fertur.
304 1284 422 1361 anua
435 1286 492 1353 dat
515 1286 634 1374 Regius
648 1300 682 1352 et
697 1286 790 1352 Harl.
806 1307 872 1351 non
891 1283 996 1372 magis
1014 1281 1193 1372 probabile.

157 1383 333 1466 Phoebidas,
355 1400 394 1452 ut
415 1387 512 1453 etiam
536 1388 635 1454 habet
659 1390 836 1477 amyone,
858 1388 876 1452 ss
902 1409 973 1451 vere
992 1385 1039 1451 ita
1059 1383 1192 1472 legitur,

156 1483 293 1552 infuisse
315 1487 460 1555 videatur
478 1489 535 1576 qui
553 1489 729 1556 Cadmeam
749 1488 930 1576 occupavit,
953 1488 1060 1574 postea
1080 1484 1193 1574 proelio

155 1587 199 1655 ad
219 1589 373 1676 Thespias
393 1591 526 1661 cecidit:
550 1593 591 1658 de
613 1615 679 1680 quo
702 1590 893 1658 Plutarchus
913 1589 1022 1678 prodit
1043 1588 1077 1654 iu
1098 1587 1192 1654 Pelo·

155 1690 232 1780 pida
245 1713 279 1778 p.
291 1693 366 1758 280.
379 1693 420 1758 C.
437 1695 511 1781 285.
524 1694 569 1760 D.
602 1694 752 1782 Agefilao
765 1715 800 1781 p.
811 1695 887 1759 608.
901 1695 953 1759 D:
978 1691 1091 1758 etalii.
1122 1692 1192 1757 Xe·

156 1793 288 1881 nophon
313 1793 476 1861 Hellenic.
492 1798 534 1860 V.
557 1818 590 1883 p.
606 1811 683 1882 557.
697 1796 737 1861 Β.
762 1811 840 1881 574.
858 1796 903 1860 D.
939 1793 1104 1860 Diodorus
1126 1793 1191 1859 Sic.

156 1895 233 1963 XV.
249 1915 302 1962 20.
316 1915 377 1983 33:
406 1896 461 1964 sed
482 1897 590 1963 obitus
611 1897 682 1985 ejus
703 1896 821 1969 accidit
842 1911 918 1963 ante
938 1915 1082 1984 pugnam
1103 1897 1191 1961 Leu-

154 1995 301 2063 dlricam.
324 1996 457 2064 Didium
468 1997 567 2065 habet
580 1998 819 2065 similitudinem
831 1997 989 2064 Proverbii
1003 1995 1102 2077 illius,
1114 2000 1193 2086 ἁρχὴ

153 2097 239 2188 dvdpa
253 2101 380 2166 δείκνυσι·
405 2102 446 2167 de
460 2125 526 2190 quo
538 2101 683 2168 dicemus
696 2101 738 2168 ud
754 2124 787 2189 p.
800 2102 874 2167 811.
889 2102 929 2168 Β.

196 2223 229 2289 p.
245 2220 320 2289 232.
335 2203 379 2269 A.
401 2206 484 2285 δεῖξας
505 2213 587 2269 σῶον.
618 2202 756 2290 Λίγυας]
785 2205 893 2270 Locus
914 2224 979 2271 non
1000 2201 1056 2267 nisa
1071 2200 1192 2289 puncto

153 2313 277 2370 temere
299 2305 399 2392 polito
416 2306 602 2373 laborabatr
633 2306 729 2394 plane
751 2306 844 2371 sanus
868 2306 922 2386 est,
945 2304 1045 2372 modo
1065 2304 1194 2393 legatur

153 2409 292 2488 -laifm
325 2408 397 2476 Σόον
420 2410 587 2494 Nyseus—⁸
617 2421 656 2474 ut
677 2408 755 2496 Xyl.
778 2421 813 2474 et
833 2407 1018 2496 Myotusr
1042 2406 1192 2473 transcri-

153 2522 231 2596 ptus
251 2511 295 2575 est
316 2532 355 2575 ex
369 2510 446 2576 Vita
461 2511 604 2599 Lycurgi
624 2533 657 2597 p.
670 2530 725 2592 40.
739 2510 780 2575 C.
808 2511 861 2575 Ds
876 2509 931 2576 Soc
944 2532 1021 2598 rega
1034 2509 1192 2576 Meurlr'us

154 2611 259 2699 Regu.
282 2611 465 2677 Iaeedaem.
482 2614 557 2678 XV.
581 2635 614 2699 p.
630 2614 693 2700 ⁶9²
716 2611 757 2704 ad
781 2612 968 2701 Phlegontis
990 2614 1118 2701 Fragm.
1142 2613 1190 2679 0.

152 2711 256 2801 lymp.
272 2734 306 2799 p.
324 2733 397 2799 143.
433 2712 666 2781 Valckenarius
680 2714 723 2779 ad
734 2713 899 2781 Theocrit.
918 2737 952 2802 p.
969 2715 1044 2782 266.
1057 2715 1122 2804 seq.

137 2810 141 2817 ’
197 2833 272 2901 232.
289 2816 326 2880 Β.
352 2818 606 2903 ΤΗΛΕΚΡΟῬ.]
640 2816 693 2882 De
714 2815 777 2882 hoc
801 2816 982 2885 notavimus
1003 2839 1038 2905 p.
1057 2837 1131 2905 190.
1145 2819 1190 2887 A.

155 2919 230 2982 216.
242 2921 281 2983 Ε.
296 2918 414 2983 redliua
426 2920 570 2998 Τήλεκλος
585 2918 742 2984 scribitur.

197 3037 273 3106 232.
288 3022 328 3086 Β.
350 3020 406 3107 ῥά]
434 3021 626 3086 Notavimus
641 3042 674 3107 p.
690 3040 763 3106 190.
777 3021 822 3087 A.

197 3139 272 3207 232.
288 3124 327 3188 Β.
350 3121 407 3207 γ’.]
435 3123 573 3210 Cragiua
593 3125 673 3209 Rep.
689 3121 807 3188 Laced.
825 3123 889 3187 11-1.
904 3139 936 3209 7.
950 3142 985 3209 3.
1006 3145 1039 3210 p.
1057 3141 1129 3210 270.

196 3240 272 3308 232.
288 3224 326 3287 Β.
349 3224 586 3309 mundun]
610 3225 662 3290 De
677 3224 741 3291 hoc
755 3223 894 3292 diximus
907 3246 942 3311 p.
958 3225 1030 3314 189.
1047 3227 1084 3292 F.

197 3343 271 3411 232.
288 3326 327 3389 B.
350 3326 405 3412 ast]
432 3326 626 3391 Notavimus
641 3325 774 3391 ibidem.

198 3446 272 3514 232.
286 3427 326 3492 C.
349 3427 405 3513 a]
432 3428 570 3517 Cragius
586 3431 666 3516 Rep.
680 3429 801 3494 Laced.
819 3430 927 3495 1116.
943 3449 995 3496 11.
1011 3453 1044 3518 p.
1060 3432 1136 3514 264.

196 3549 271 3616 232.
289 3529 330 3595 C.
353 3530 411 3615 7.]
435 3531 628 3601 Notavimus
646 3555 680 3619 p.
696 3533 769 3620 189.
784 3534 821 3598 F.

197 3651 272 3720 232.
289 3633 330 3699 C.
353 3632 404 3718 6.]
432 3634 485 3698 De
509 3632 634 3721 optima
660 3634 796 3700 civitatis
823 3634 929 3701 forma
949 3635 1070 3703 exstant
1098 3637 1192 3724 Apo·

152 3734 371 3824 phthegmata
395 3738 429 3802 in
449 3738 514 3802 VII
539 3738 730 3826 Sapientum
755 3737 911 3804 Convivio
934 3760 970 3827 p.
996 3756 1070 3826 154.
1093 3742 1132 3806 Ε.
1159 3754 1194 3806 ct

153 3838 285 3904 Stobseo
299 3838 408 3904 Floril.
422 3840 513 3904 XLI.
528 3862 562 3928 p.
577 3856 651 3926 247.

197 3957 273 4026 232.
289 3939 330 4005 C.
353 3939 400 4028 s‘.]
428 3941 567 4030 Cragius
581 3944 661 4030 Rep.
679 3940 797 4007 Laced.
814 3943 878 4007 111.
897 3961 1018 4030 1.1.p.
1036 3944 1110 4028 178.

197 4062 273 4127 232.
286 4044 331 4108 D.
354 4047 537 4110 ΔΙΑΦΟΡΑ
562 4048 650 4110 ΤΩΝ
672 4045 730 4108 EN
751 4044 851 4111 ΤΟΙΣ
874 4044 1067 4113 mactus
1089 4049 1193 4111 ΑΔΟ-

154 4146 245 4212 ΞΩΝ
271 4148 624 4232 anonumum]
657 4147 755 4212 Abest
773 4170 903 4235 quoque
921 4147 953 4212 in
978 4147 1072 4214 Harl.
1094 4161 1130 4215 et
1152 4150 1192 4219 Pr

148 4241 276 4311 'babent
297 4243 502 4337 interpretes,
528 4245 660 4335 Regius,
679 4246 839 4329 Erasmus,
855 4258 889 4317 ct
906 4247 1085 4337 Amyotus,
1106 4245 1195 4314 unda

628 4366 652 4428 4
666 4366 724 4428 ⁶4
