2692 4770
234 289 296 358 950
427 283 468 344 D.
475 283 528 345 W.
548 283 757 346 ANIMADV.
776 283 826 345 IN
845 279 1076 345 PLU'l'ARciss

233 457 289 527 λοι,
303 443 385 525 clm,
399 449 423 508 τί
436 445 533 529 ὁμοίως
546 450 730 533 ἀγανακτοῖεν
745 453 769 512 οί
784 450 822 531 μὴ
836 447 991 531 ἰοδνκνίμονον
1004 451 1061 521 τοῖς
1074 441 1266 529 ίιδναονμίνοίς.

233 547 289 614 Ab
314 547 378 612 hoc
406 548 554 636 exemplo
582 550 744 637 profeciua
770 561 968 637 praeceptum
990 547 1120 636 egregie
1141 547 1269 613 ornavit

232 649 415 717 Menander
428 652 582 717 serratum
600 654 763 718 aStobaeo
784 651 861 718 ibid.
886 673 919 740 p.
936 671 1009 733 241.
1029 649 1144 716 latine
1157 648 1270 714 reddi·

232 765 303 818 tum
325 774 345 816 a
367 752 483 818 Grotio
505 752 613 818 Floril.
634 775 667 841 p.
685 772 762 838 170:
787 753 948 819 aClerico
962 753 1099 818 relatum
1122 749 1155 815 in
1177 750 1269 837 frng-

231 852 351 917 mentis
364 870 403 918 ex
418 852 578 940 Adelphis
593 875 626 941 p.
639 874 673 940 3.
689 853 779 920 nullo
792 853 988 919 audioritatit
1001 851 1132 918 indicio.
1170 852 1268 916 Hano

138 991 145 1012 ι
231 955 315 1042 quafi
338 954 444 1043 legem
463 955 562 1022 Solon
585 955 618 1021 in
640 957 751 1044 legum
768 955 888 1022 latione
907 957 1034 1023 secutus
1053 955 1096 1020 est
1116 954 1204 1041 ipse:
1228 967 1268 1019 ut

230 1071 365 1145 apparet
379 1080 417 1122 ex
433 1058 604 1124 Plutarcho
618 1058 652 1123 in
666 1058 785 1125 Solone
799 1080 832 1146 p.
848 1059 901 1123 88.
917 1058 959 1125 C.

240 1204 247 1212 -
277 1176 349 1242 154.
364 1159 403 1223 Ε.
425 1156 557 1244 κρατίςην
575 1158 640 1239 tirou
656 1157 985 1247 δημοκρατίαν-νέμον]
1011 1158 1063 1224 Est
1076 1155 1109 1221 in
1126 1157 1265 1224 Senten-

231 1259 285 1326 tiis
298 1259 435 1325 Antonii
449 1275 483 1324 et
497 1258 633 1326 Maximi
646 1282 680 1347 p.
691 1279 769 1348 452.
784 1260 843 1326 sub
855 1258 984 1326 nomine
1000 1257 1120 1325 Incerti.

277 1377 350 1447 154.
365 1363 404 1428 Ε.
427 1367 440 1425 i
454 1363 642 1449 Ἀνάχαρσις]
668 1364 816 1428 Stobaeua
837 1362 861 1429 l.
876 1385 906 1429 c·
929 1383 964 1450 p.
979 1363 1054 1429 268.
1070 1366 1084 1424 d
1100 1360 1266 1450 Περίανδρος

231 1464 430 1530 aberratione
452 1486 473 1528 a
495 1464 657 1530 Plutarchi
682 1464 857 1552 scriptura3
887 1465 1039 1553 liquidem
1064 1465 1097 1531 in
1120 1466 1199 1533 Vll.
1221 1467 1266 1531 est

230 1566 432 1645 Anachariis,
446 1588 511 1630 non
527 1565 705 1648 Periander,
726 1589 786 1634 uec
808 1566 905 1656 hujus
923 1569 996 1633 sunt
1012 1580 1119 1655 partes
1139 1567 1195 1632 nifi
1215 1573 1267 1632 τοῦ

231 1671 382 1759 ίτοκςίνοτν,
398 1683 436 1735 ut
456 1692 490 1756 p.
509 1689 581 1755 152.
597 1670 637 1734 Β.

277 1792 350 1858 154.
365 1775 404 1837 Ε.
432 1772 521 1857 ψόγον
541 1771 710 1854 μαλλον-ί
732 1773 779 1838 τίν
798 1771 902 1860 odram]
934 1771 1108 1859 Eleganter
1130 1793 1263 1860 compa·

230 1887 354 1940 rantur.
391 1873 444 1939 Sic
466 1873 499 1938 in
521 1874 598 1939 Vita
610 1874 785 1939 Alexandri
799 1896 833 1962 p.
845 1876 920 1960 694.
937 1875 974 1938 F.
989 1874 1078 1939 hunc
1092 1873 1266 1960 alloquitur

232 1973 465 2041 Anaxarchus:
499 1973 589 2050 Οὖτίς
613 1979 668 2050 ίςνν
687 1973 1008 2063 Ἀλίξανδρος-ὢττς
1030 1975 1192 2063 ἀνδράποδον
1212 1979 1263 2040 ἂν·

232 2077 347 2166 &poitur
360 2076 437 2159 νίμον
450 2078 473 2164 νζ,
487 2076 576 2162 ψόγον
590 2077 722 2152 δεδονκοίς.
761 2076 884 2142 Similia
896 2077 1076 2143 notavimus
1092 2101 1125 2164 p.
1136 2096 1188 2165 29.
1203 2080 1242 2143 Ε.

277 2198 350 2263 154.
364 2178 403 2242 Ε.
425 2177 622 2265 μετατραπεὶς]
651 2178 821 2244 Manifelio
834 2200 940 2244 errore
954 2190 1093 2245 tenetur.
1117 2180 1268 2245 Stobaeue

222 2272 296 2345 hoc
316 2279 428 2343 omiffo
449 2279 505 2343 dat
529 2282 542 2343 ί
565 2282 592 2343 δὲ
611 2279 720 2344 Χίλων.
758 2279 896 2346 Fortasse
915 2301 1069 2368 germana
1088 2280 1185 2346 lectio
1202 2281 1265 2351 fuit

230 2385 306 2467 μετὰ
319 2382 429 2456 τούτους
442 2382 469 2444 ii
485 2387 499 2444 ὅ
513 2386 554 2445 Χ.

177 2492 181 2501 '
277 2497 349 2568 154.
365 2486 400 2548 F.
422 2482 569 2562 βασιλείας
584 2484 635 2565 μὲν
654 2480 700 2562 καί
720 2481 818 2558 πίλοις
841 2481 930 2568 ὀλίγον
948 2481 1164 2570 κνὸνςνῶτομ]
1193 2480 1264 2551 Ple·

231 2583 304 2650 nius
318 2585 410 2649 Harl.
426 2605 458 2649 a.
472 2598 507 2649 et
528 2587 618 2649 Mez.
632 2587 665 2664 β.
677 2584 727 2665 μὲν
740 2589 799 2670 γὰρ
812 2583 859 2664 nol
872 2612 959 2649 τ.·-.
997 2583 1161 2650 Caeterum
1183 2586 1264 2652 defi-

229 2687 360 2754 deratur
374 2685 447 2767 ἔφην,
463 2687 604 2774 inquam:
628 2710 700 2773 quae
713 2686 835 2751 omiflio
852 2684 1061 2773 intelligenda
1076 2689 1118 2752 est
1132 2711 1171 2752 ex
1183 2712 1264 2754 con·

229 2791 369 2855 versione
382 2790 534 2853 orationis
549 2790 687 2876 obliquae
702 2788 734 2853 in
751 2789 882 2870 rectam,
894 2790 936 2855 de
951 2810 1015 2877 qua
1029 2792 1069 2857 ad
1083 2794 1151 2857 Ser.
1160 2794 1264 2858 Num.

230 2890 329 2956 Vind.
345 2912 377 2976 p.
389 2893 464 2974 567.
481 2893 515 2955 P.
531 2904 564 2954 et
579 2890 724 2954 dicemus
738 2905 771 2955 et
785 2890 933 2956 diximus.

273 3015 307 3079 p.
326 3012 397 3077 155.
413 2995 456 3055 A.
484 2995 513 3054 ίν
539 2992 870 3078 ἁμάξῃ-περιπολεῖν]
904 2990 1041 3081 Scythas
1065 2994 1098 3059 in
1121 2995 1265 3083 plaustri!

231 3095 415 3159 oberrantes
443 3092 557 3172 vivere,
582 3092 657 3156 inde
678 3091 832 3176 άμοιξοέίες
854 3094 968 3174 didos,
993 3097 1157 3182 fignificat.
1202 3100 1264 3164 Res

231 3195 437 3284 pervulgata3
462 3195 652 3281 Hippocrati
673 3197 739 3282 περὶ
755 3195 839 3280 ἀέρων
855 3199 882 3280 5.
900 3196 1027 3261 XClIl.
1043 3198 1099 3262 ubi
1111 3214 1146 3263 et
1167 3198 1264 3265 hodi·

231 3321 344 3364 ernum
357 3297 546 3362 Tatarorum
563 3320 686 3361 rnorem
702 3310 795 3361 notat
808 3297 1032 3363 eruditissimus
1048 3302 1165 3389 Koray.
1190 3302 1264 3368 Ho-

229 3401 312 3467 ratio
335 3401 445 3464 Carrn.
466 3399 528 3463 Ill.
545 3418 598 3479 24.
614 3421 646 3484 9.
683 3399 832 3464 Straboni
853 3401 914 3463 Xl.
937 3421 971 3485 p.
988 3419 1062 3487 753.
1100 3402 1202 3469 Plinio
1216 3405 1264 3469 Η.

230 3504 276 3568 Ν.
293 3504 352 3565 IV.
369 3521 419 3567 12.
435 3516 469 3565 et
484 3499 594 3564 multis
609 3514 795 3565 memorata.

275 3620 347 3688 155.
364 3605 405 3666 A.
429 3602 500 3666 οίκον
521 3601 549 3665 δέ
569 3627 615 3683 μον
637 3604 776 3686 δοκοῖς-]
801 3604 844 3665 Et
863 3602 964 3668 domus
987 3618 1078 3670 notat
1095 3629 1170 3672 cum
1186 3629 1262 3695 pro·

229 3704 297 3791 prie
315 3703 488 3788 cedificium,
510 3715 580 3767 tunt
597 3704 742 3769 transsate
753 3702 914 3789 familiam
933 3717 960 3768 et
974 3730 1034 3769 rem
1044 3706 1262 3792 familiarem:

226 3820 263 3871 'ttt
281 3804 354 3869 οἰκία
369 3807 523 3870 Veterum
546 3804 776 3868 consuetudine
799 3805 902 3891 magis
922 3806 962 3870 de
983 3809 1111 3894 aedificio
1133 3810 1262 3876 dicitur.

228 3909 304 3972 Huc
325 3905 465 3992 pertinet
486 3905 565 3969 illud
590 3905 814 3991 Xenophontis
837 3907 1015 3972 OEconorn.
1034 3909 1060 3971 1.
1073 3896 1118 3994 5:
1144 3910 1216 3986 οίκος
1236 3912 1265 3976 δι’

225 4009 255 4072 τί
274 4012 337 4090 ἡμῖν
359 4009 430 4070 δοκεῖ
453 4007 537 4086 sirm
562 4004 617 4092 ripa
640 4005 703 4094 ὄντος
725 4006 810 4084 οἰκία,
826 4005 841 4083 ἢ
857 4006 903 4086 καί
919 4007 971 4072 ὅσα
985 4037 1027 4085 τος
1041 4010 1092 4088 ἔξω
1108 4018 1155 4088 τῆς
1174 4012 1262 4089 οἰκίας

226 4110 368 4187 ἐκέκτητο,
388 4109 489 4172 ττοίντα
509 4116 557 4172 τοῦ
578 4106 650 4172 cinno
673 4115 764 4171 ταῦτα
786 4108 863 4187 ίςίν;
887 4112 944 4191 ἐμοὶ
964 4120 1042 4195 γοῦν,
1063 4112 1110 4196 ἔφη
1125 4119 1138 4175 ὁ
1153 4117 1260 4202 Kprro'·

227 4211 334 4291 δουλος,
356 4214 480 4275 δοκεῑ-.
518 4211 602 4274 Item
627 4208 806 4277 Aristotelis
835 4212 1144 4300 Republ.l.1-3.
1192 4217 1261 4292 (Ε-1
