2692 4770
167 283 228 356 896
356 282 395 341 D.
406 283 458 342 W.
475 283 681 344 ANIMADV.
702 283 749 343 IN
770 282 1000 344 PLUTARCHI

166 458 241 528 457.
258 446 300 508 F:
324 443 370 525 xci
382 471 461 510 τινων
473 447 618 531 λεγόντων,
639 449 674 522 ὥς
688 449 800 530 siphin
816 447 943 533 προσήκει
961 446 1022 520 τοὺς
1034 442 1193 525 'Eum

167 543 207 607 ὅτι
222 543 250 608 εὖ
264 544 400 630 πάχοντες
413 548 463 609 ὑπὸ
475 555 523 611 τοῦ
537 547 665 612 (basim
680 556 771 622 κακῶς
785 549 865 610 αὐτὸν
879 545 994 631 λὲγυσι,
1007 545 1046 610 Ti
1059 544 1116 624 οὖν,
1132 545 1193 629 ἔφη,

165 646 315 724 ποιήσεσι,
329 645 363 708 ἂν
377 656 469 722 κακῶς
482 649 611 734 nosquam.
648 648 745 713 Paulo
760 646 877 711 diverse
890 646 923 711 in
944 645 1194 733 Apophthegm.

166 745 247 832 Reg.
267 759 300 810 et
319 747 406 812 Duc·
429 770 462 833 p.
481 766 551 835 179.
568 750 619 814 A:
642 747 886 833 Ἀγανακτοῦντων
908 749 934 811 δὲ
956 754 1009 810 τῶν
1031 747 1128 830 φίλων,
1152 745 1193 809 ὅτι

165 845 317 932 engiriaco
337 850 418 910 αὐτὸν
439 852 466 911 ἐν
483 849 647 932 Ὀλυμπίοις
661 848 689 912 εὖ
704 847 857 922 πεπονθότες
873 853 898 910 oi
918 848 1141 925 Πελοποννήσιοι,
1156 845 1197 911 'fs

165 945 222 1024 οὖν,
237 948 319 1026 εἶπεν,
334 950 380 1010 ἐὰν
394 957 487 1024 κακῶς
499 950 631 1014 πάθωσι.
667 948 777 1014 Simile
791 950 833 1013 est
850 947 1007 1014 Pausaniae
1021 945 1194 1034 Apophth.

164 1051 284 1114 Lacon
304 1072 337 1137 p.
353 1069 426 1136 230.
441 1052 486 1117 D.
502 1052 543 1131 β.
1148 1084 1157 1099 -

207 1173 240 1236 p.
256 1171 327 1232 144.
339 1155 382 1215 A.
404 1154 442 1215 Ὀ
457 1154 503 1216 τὸν
515 1152 645 1241 δραπέτην
660 1152 773 1239 mh]
800 1151 905 1215 Fluxit
916 1150 964 1214 vel
976 1150 1017 1214 ab
1030 1148 1195 1235 AEsopica,

163 1252 213 1317 vel
232 1275 252 1316 a
270 1253 414 1332 Comica,
433 1253 550 1318 sabula.
586 1253 760 1318 Geminum
774 1253 817 1316 est
831 1251 953 1315 dietum
968 1248 1138 1314 Phocionis
1152 1250 1195 1315 de

160 1354 377 1441 Aristogitone
392 1357 419 1419 Ι.
431 1356 504 1439 746.
519 1358 557 1420 E.
575 1357 620 1419 11.
640 1355 712 1418 188.
724 1354 767 1418 A.
1098 1358 1100 1362 ’

52 1460 58 1471 ‘
209 1472 281 1535 144.
296 1455 339 1516 A.
361 1453 505 1528 ἀπόλειψιν
518 1453 667 1540 γρᾶφυσα]
695 1453 906 1540 Exposuimus
920 1452 960 1515 ad
974 1474 1008 1538 p.
1022 1471 1094 1516 100.
1109 1453 1149 1516 Ε.

207 1574 281 1636 144.
293 1555 337 1618 A.
358 1557 498 1631 Ἀθηναῖοι
517 1561 586 1641 τρεῖς
603 1556 703 1642 ἇρᾶτες
719 1553 788 1642 sepse
802 1552 1034 1638 ἄγεσι-παίδων
1046 1553 1191 1638 τεκνώσει]

163 1656 288 1722 Justum
302 1653 541 1719 matrimonium
562 1657 766 1740 procreandae
779 1654 878 1719 soboli
894 1654 1113 1734 conciliatum,
1129 1654 1194 1719 dici

162 1756 257 1844 ἄροτον
274 1755 388 1835 casini,
410 1755 488 1820 item
507 1759 628 1841 γυναῖκα
650 1755 761 1840 byssum
781 1757 823 1817 ἐπ’
836 1754 926 1842 ἀρότῳ
944 1753 1045 1818 nasim
1056 1742 1191 1851 ’γησίωνῖ

163 1857 236 1923 satis
253 1857 388 1934 cousin,
410 1871 444 1920 et
464 1868 653 1921 annotatum
680 1879 699 1920 a
719 1856 792 1920 viris
816 1854 928 1935 (loeis,
955 1855 1193 1920 Hemsierhufio

163 1958 204 2024 ad
219 1959 352 2023 Luciani
366 1958 533 2023 Timonem
547 1962 585 2025 T.
603 1960 629 2022 I.
648 1982 681 2045 p.
699 1976 771 2042 127.
790 1958 918 2044 aliisque
932 1958 972 2022 ab
986 1980 1025 2021 eo
1039 1957 1192 2038 laudatis,

162 2072 233 2124 turn
247 2059 455 2146 Wesselingio
473 2060 514 2124 ad
532 2062 563 2124 S.
580 2060 674 2124 Petiti
691 2062 770 2146 Leg.
789 2057 891 2123 Attic.
911 2080 943 2142 p.
958 2072 1033 2143 533.
1067 2063 1114 2124 At
1127 2073 1192 2126 tres

162 2160 232 2224 illas
242 2161 351 2246 sacras
364 2161 512 2225 arationes
524 2161 778 2238 Atheniensmm,
792 2159 878 2224 haud
893 2158 968 2237 scio,
980 2180 1020 2223 an
1034 2160 1191 2247 nusquam

162 2261 209 2325 ita
225 2261 338 2325 diserte
355 2260 430 2324 alibi
452 2260 606 2347 legerim:
630 2275 663 2325 et
683 2259 879 2325 eruditissimi
898 2259 956 2324 viri
973 2261 1060 2325 huno
1081 2260 1190 2327 locum

163 2375 389 2438 memorantes,
411 2363 441 2426 J.
460 2361 615 2426 Meursrus
631 2363 683 2426 De
698 2363 811 2448 Regno
823 2360 947 2425 Athen.
963 2362 990 2424 I.
1007 2380 1058 2441 14.
1088 2363 1190 2426 Gata-

162 2463 259 2528 kerus
278 2465 329 2528 De
344 2462 424 2528 Stilo
446 2465 531 2527 Nov.
548 2462 636 2526 Foed.
655 2474 691 2548 p.
710 2479 762 2544 70.
780 2484 843 2526 non
864 2462 933 2526 aliis
955 2461 1083 2526 testibus
1106 2463 1191 2550 ejus·

161 2563 237 2628 dem
251 2564 295 2627 rei
310 2563 472 2642 adhibitio,
494 2563 566 2627 satis
588 2565 641 2648 ipsi
659 2564 827 2628 ostendunt
848 2563 901 2626 fibi
923 2562 1001 2626 alios
1019 2565 1111 2628 testes
1132 2565 1189 2628 de-

162 2666 262 2730 fuisse.
297 2666 475 2752 Hesychius
490 2665 618 2751 quidem
635 2665 766 2751 aliquid,
782 2666 835 2729 sed
849 2665 985 2729 breviter
1000 2687 1059 2729 nec
1080 2666 1189 2731 distin·

163 2766 213 2830 &e
235 2767 267 2829 in
290 2788 366 2830 voce
388 2767 526 2851 Βεζῦγης·
550 2770 616 2854 ἥρως
636 2769 767 2844 ’Artaxia
786 2773 798 2827 ὁ
816 2775 919 2852 πρῶτος
938 2769 990 2845 βὲς
1008 2768 1057 2828 ὑπὸ
1074 2765 1190 2854 ἄρατρον

163 2868 267 2948 ζεύξας·
292 2871 415 2929 ἐκαλεῖτο
430 2869 457 2929 δὲ
475 2866 655 2948 Ἐπιμενίδης·
680 2867 818 2939 uadis-arc
834 2868 861 2929 δὲ
875 2870 947 2953 παρ’
962 2871 1053 2941 αὐτοῖς
1068 2867 1115 2941 κα)
1129 2871 1189 2942 τοὺς

163 2968 244 3053 ἱεροὺς
259 2967 358 3052 ἄρότες
374 2972 501 3030 ἐπιτελῶν
515 2969 663 3051 Βεζόγηςε
687 2968 741 3031 ubi
756 2968 948 3031 Abreschius
967 2982 1001 3032 et
1022 2968 1076 3031 alii
1091 2992 1189 3034 occu-

162 3081 292 3153 parunt,
308 3090 379 3153 quae
394 3090 456 3154 ego
471 3068 501 3131 in
517 3067 694 3132 adversariis
704 3069 743 3132 de
754 3070 887 3155 Buzygc
903 3081 1095 3133 notaveram.
1121 3072 1189 3134 Has

161 3167 318 3231 arationes
340 3167 550 3232 Athenienses
575 3169 678 3253 ἄγεσι,
705 3181 811 3255 agunt,
837 3168 995 3247 celebrant,
1024 3183 1189 3256 tamquam

152 3269 252 3333 'festaz
271 3268 469 3354 probandum
486 3269 608 3333 videtur
622 3292 686 3356 prae
701 3271 798 3334 altera
813 3270 947 3335 lettione
961 3270 1077 3354 λέγεσι,
1092 3295 1186 3357 quam

162 3370 241 3435 dant
255 3371 297 3433 A.
311 3371 349 3432 B.
362 3372 399 3433 E.
410 3371 453 3433 T:
470 3383 503 3433 et
519 3370 614 3434 fuerit
628 3371 751 3434 sortasse
766 3371 836 3434 haec
850 3370 1024 3436 cerimonia
1037 3395 1109 3457 pars
1124 3373 1188 3436 festi

162 3471 349 3557 Προηροσῖων,
378 3483 452 3534 ante
476 3470 648 3535 arationem
671 3471 753 3550 asii3
784 3472 824 3535 de
849 3496 913 3558 quo
940 3473 1187 3558 Harpocration,

163 3571 287 3650 Suidas,
305 3572 461 3635 Meursrus
477 3572 565 3636 Lete.
580 3572 683 3636 Attio.
702 3574 746 3636 ΙΙ.
765 3594 793 3635 1.
832 3575 868 3635 In
889 3573 930 3635 ἐπὶ
945 3572 1040 3659 Σκίρῳ
1055 3573 1194 3637 consen-'

161 3672 246 3736 tiunt
261 3672 385 3737 codices
401 3687 535 3757 excepto
551 3695 615 3736 uno
631 3675 665 3736 P.
682 3674 739 3758 qni
751 3673 806 3737 dat
828 3675 868 3735 ἐπὶ
884 3673 995 3759 Σκύρῳ,
1011 3673 1098 3759 quod
1114 3675 1186 3739 red·

161 3773 309 3838 diderunt
323 3777 484 3862 Amyotus
498 3789 530 3839 et
547 3775 731 3838 Cruserius:
756 3794 815 3839 nec
829 3774 959 3860 vulgato
976 3776 1072 3839 debet
1088 3777 1187 3863 aeqni-

160 3876 273 3964 parari,
297 3877 403 3940 minus
426 3878 521 3941 ctiam
544 3876 696 3963 praeserri.
733 3877 846 3963 Σκίρον,
863 3877 950 3942 locus
969 3879 1100 3956 Atticae,
1117 3903 1185 3943 me·

159 3992 299 4041 moratur
316 3977 471 4041 Pausaniae
488 3979 513 4039 1.
528 3978 582 4061 36.
599 3999 631 4063 p.
648 3979 700 4040 88.
717 3992 754 4040 ut
767 3977 957 4062 conjune‘tus
972 4000 1047 4042 cum
1062 3979 1185 4043 Cereris

157 4076 331 4163 religione;
361 4077 437 4141 item
466 4077 712 4162 Harpocrationi
736 4098 804 4140 roc.
831 4077 943 4164 Σκῖρον,
970 4077 1054 4141 unde
1080 4079 1184 4142 sumfit

159 4178 344 4242 scholiastes
366 4177 583 4264 Aristophanis
602 4177 722 4242 Eccles.
742 4179 800 4245 18:
824 4179 988 4265 Stephano
1009 4170 1091 4266 Byz.
1115 4201 1182 4244 roc.
