2692 4770
175 314 1005 396 PRAECEPPASANIT.TUEND.p.ruzu-taan.
1052 320 1112 382 att

85 480 280 572 {dPhlllpp-
297 482 356 549 IV.
374 482 436 550 162
457 479 574 568 Ἀπίχοο
588 482 618 544 δὲ
631 480 733 546 mim
746 481 793 562 aad
803 484 974 568 περισσεύω·
997 483 1115 562 πεπλή-

85 613 229 676 ρωμαμ
267 587 320 651 Sic
342 600 376 651 et
396 583 548 651 Aristides
566 586 605 650 T.
620 586 663 649 11.
682 607 715 671 p.
728 605 805 671 434.
833 586 1027 674 Porphyrius
1042 586 1115 651 Ab·

88 682 157 755 tlin.
176 693 222 762 ΙΙ.
237 691 291 754 61.
326 688 460 754 Notavit
481 686 636 752 nonnulla
656 687 755 753 etiam
777 688 930 775 Uptonus
951 689 984 754 in
1007 686 1118 754 Indico

137 789 238 859 itteti.
754 799 759 809 '

88 794 204 975 ΕΡ114.
218 895 258 958 Ε.
288 890 513 959 συναναπείθουσι
536 893 576 974 μὴ
600 898 752 965 aaronita
775 890 917 978 iblub]
957 891 1120 960 socratica

89 995 226 1074 notatio,
241 993 334 1085 supra
346 994 391 1058 D.

133 1117 207 1179 124.
221 1099 257 1162 F.
281 1096 453 1175 οὔθατος-ἢ
471 1095 564 1183 χιόνος
580 1095 760 1182 natanta]
786 1097 868 1162 Haec
888 1097 1052 1163 referenda
1071 1097 1119 1162 vi·

89 1201 205 1268 dentur
218 1202 259 1271 ad
272 1202 412 1290 Atytntp,
438 1214 572 1288 excepto
593 1201 717 1267 fortatle
735 1200 863 1281 οὔθατος,
880 1201 1000 1289 ubique
1021 1202 1120 1269 rarius

90 1317 124 1369 et
135 1304 300 1391 pretiofius
314 1303 426 1382 habiti,
442 1287 482 1368 de
502 1301 594 1389 cujus
608 1302 766 1368 luxuriosa
778 1303 982 1403 comparandi
997 1305 1122 1371 rationo

90 1404 179 1471 dolet
201 1405 390 1470 Plutarchus
410 1405 463 1469 De
485 1404 583 1468 Carn.
603 1403 668 1468 Esu
684 1425 719 1491 p.
734 1419 810 1491 997.
825 1405 868 1469 A.
908 1405 1062 1471 Meminit
1083 1414 1122 1472 ut

93 1505 242 1586 nominis,
257 1520 290 1570 et
306 1505 382 1586 cibi,
402 1519 436 1570 et
451 1506 629 1572 Athenaeua
642 1507 702 1570 IX.
725 1527 759 1592 p.
772 1524 848 1595 399.
866 1507 905 1572 C.
926 1508 1016 1573 etin
1031 1508 1123 1574 firnili

91 1607 217 1673 monito
239 1606 397 1672 Leonidas
417 1607 600 1696 Antholog.
624 1608 669 1672 II.
683 1624 738 1693 47.
754 1627 788 1689 4.
810 1612 862 1686 Mn*
883 1609 962 1672 πάλι
982 1629 1029 1693 μοι
1048 1616 1122 1693 μετὰ

93 1710 199 1800 δὸςιον,
214 1709 250 1774 i'r'
266 1714 314 1774 οὐκ
328 1709 368 1773 ln
381 1708 493 1798 γαςέςοι
508 1707 614 1790 πάθω,
630 1708 755 1773 Ouidana
776 1710 824 1774 uui
843 1710 947 1798 χοίρων
966 1709 1030 1799 ἄρτι
1051 1711 1122 1779 τίθει

93 1812 220 1899 τεμάχη.
255 1811 307 1875 De
326 1809 441 1898 Fungis
464 1809 583 1875 Plinius
605 1810 687 1875 Hist.
702 1812 782 1876 Nat.
796 1811 909 1875 XXII.
924 1828 979 1897 47.
1015 1813 1122 1879 Athe·

94 1935 181 1979 noeus
196 1914 242 1978 ΙΙ.
256 1916 311 1991 60,
328 1913 382 1977 61.
419 1911 565 1976 Placenta
586 1911 704 1991 Samia,
725 1923 764 1976 ut
785 1912 954 1993 excellens,
975 1913 1124 1980 laudatur

96 2016 256 2082 Athenaeo
270 2017 363 2081 XIV.
385 2037 418 2103 p.
433 2017 508 2096 644.
525 2013 566 2078 C.
600 2013 667 2078 Nix
679 2012 720 2079 ad
733 2026 850 2099 potum
863 2013 1007 2080 adhiberi
1020 2015 1123 2097 solito,

95 2106 132 2182 ut
152 2117 246 2205 supra
267 2116 403 2180 vidimus
424 2136 457 2200 p.
477 2132 549 2200 123.
563 2115 611 2180 B:
637 2113 670 2179 in
690 2115 837 2202 AEgypto
855 2115 1006 2182 rariorem
1025 2117 1124 2184 etiarn

95 2219 196 2298 fuisse,
211 2219 323 2304 sponte
342 2215 533 2303 intelligitur
546 2238 585 2282 ex
599 2215 739 2303 regionis
755 2216 829 2281 situ:
852 2231 886 2282 et
900 2216 1124 2306 refrigeranda

96 2343 186 2409 aqua
205 2320 239 2384 in
261 2318 454 2385 Alexandria
473 2331 507 2382 et
528 2331 598 2382 tota
615 2319 763 2405 AEgypto
781 2317 876 2383 aliam
898 2318 1056 2385 rationem
1077 2321 1125 2386 vi·

96 2412 206 2511 'guiffa
222 2444 261 2488 ex
279 2421 404 2487 Galeno
418 2421 549 2501 constat,
568 2440 665 2507 quem
681 2418 742 2484 hac
764 2419 805 2485 de
825 2442 860 2486 re
877 2420 957 2486 citat
971 2423 1018 2486 H.
1032 2425 1124 2488 Mer-

98 2524 225 2591 curialis
238 2526 315 2589 Var.
331 2522 421 2589 leot.
438 2524 466 2586 l.
482 2524 514 2587 8.

99 2608 103 2615 ι
139 2649 175 2714 p.
193 2640 267 2710 125.
283 2627 326 2689 Α.
358 2624 576 2699 ἰδίαις-πωλεῖν
602 2625 647 2686 tat
667 2625 716 2701 τὴν
740 2621 845 2708 δέξαιο]
877 2622 995 2688 Similis
1016 2632 1127 2712 'repte-

99 2726 205 2794 henfio
219 2729 262 2791 est
283 2749 303 2790 a
323 2725 415 2790 nobis
439 2735 550 2790 notata
573 2723 615 2789 ad
637 2723 844 2788 Plutarchum
866 2725 919 2789 De
940 2726 1008 2791 Ser.
1022 2727 1126 2793 Num.

99 2828 196 2895 Vind.
219 2851 252 2917 p.
265 2829 342 2914 563.
358 2826 399 2892 C.
433 2827 575 2915 Phrynen
592 2824 713 2890 dittum
734 2824 845 2913 attigit
857 2825 1006 2891 Erasmus
1018 2827 1125 2917 Adag.

99 2951 132 3016 p.
146 2932 222 3015 672.

143 3045 217 3116 125.
230 3032 269 3096 Β.
292 3029 416 3115 tow]
443 3031 536 3094 Forte
549 3026 723 3117 legendum
736 3026 817 3092 ὅσοντ
836 3027 925 3116 quod
939 3040 974 3095 et
988 3031 1129 3098 Reissriua

99 3133 211 3199 voluit.
247 3131 442 3196 Conferatur
460 3131 502 3197 de
522 3142 715 3218 argumento
728 3151 762 3216 p.
781 3149 853 3213 124.
870 3132 915 3211 D,
930 3134 969 3198 E.
983 3145 1017 3197 et
1031 3135 1129 3222 Sym·

98 3257 222 3420 P0125.
238 3335 277 3399 B.
299 3339 362 3408 ταῖς
381 3332 520 3418 ἀνάγκαις
538 3333 783 3420 χρηματίζοντος]
808 3334 895 3399 Vols.
910 3338 973 3410 ταῖς
986 3333 1129 3420 myxol-

98 3436 332 3522 au,neceffi1riis
348 3433 571 3522 voluptatibust
592 3433 681 3521 quod
700 3433 913 3521 probandum,
935 3447 975 3500 ut
994 3434 1129 3502 dublum

99 3561 141 3604 ex
165 3537 368 3623 voluptatum
391 3534 577 3623 pervulgata
600 3535 829 3617 distributione,
851 3537 885 3602 in
906 3537 1079 3626 necaffiarias
1096 3554 1131 3606 et

98 3634 161 3707 non
184 3639 369 3725 neceffirra'as,
396 3637 550 3704 naturales
575 3650 611 3703 et
635 3661 694 3702 non
720 3637 884 3703 naturales.
928 3640 967 3703 In
993 3638 1133 3708 diffione

97 3742 291 3829 χρηματίζων,
310 3736 513 3805 'intromittere
542 3763 626 3828 quent
655 3740 847 3819 audiendum,
875 3739 1059 3807 audieratiom
1086 3744 1134 3808 cui
1174 3758 1184 3781 ’
1260 3792 1264 3798 -

90 3844 210 3932 soceri,
229 3836 407 3930 ¹respondam
435 3840 543 3929 legatis
568 3840 618 3906 vel
645 3841 869 3928 consulentibus,
894 3842 1019 3908 videtur
1039 3844 1135 3911 inette

103 3945 243 4010 imitatio
266 3944 416 4009 celebrati
439 3942 517 4008 ditli
539 3941 716 4031 eujusdam,
737 3943 879 4010 undeet
900 3945 1054 4010 Horatius
1075 3967 1133 4010 ex·

104 4046 245 4133 prefl‘erit
266 4048 431 4133 'responsare
451 4044 648 4132 atpidinibun
668 4046 737 4111 sat.
754 4048 788 4111 Ἰ.
803 4061 835 4129 7.
851 4047 914 4132 85:
936 4046 969 4111 id
991 4047 1046 4127 est,
1069 4069 1134 4114 non

104 4147 202 4214 finere
226 4148 257 4214 se
281 4148 399 4214 auferri
419 4169 439 4214 a
459 4144 676 4234 cupidinibus,
703 4145 758 4213 sed
776 4165 831 4213 eat
851 4147 969 4230 audin,
993 4156 1134 4235 tractare,
