2692 4770
254 289 332 341 1002
395 280 499 341 ou.
518 279 726 341 nnmnov.
746 278 795 340 nr
814 230 1045 339 rsur'nrrcnr
1064 277 1139 338 nr.

298 443 370 526 165.
385 443 430 507 D.
452 445 532 524 δεῖμα
552 443 574 529 ’l
596 441 709 529 τάρὲις]
738 444 823 507 Vera
844 441 990 507 notatio:
1013 444 1095 524 δεῖμα
1114 440 1238 507 ἆίἃιιιη
1259 464 1279 509 a

250 547 302 607 διῖν
321 544 428 630 ligare,
452 560 490 610 ut
510 546 662 611 vinarium
684 546 788 626 animi,
806 545 877 633 jam
900 545 989 611 Plato
1006 544 1118 610 docuit
1138 545 1172 609 in
1196 547 1277 611 Cra·

250 645 321 733 tylo
343 666 376 731 p.
392 665 465 730 270.
486 647 534 712 C:
558 659 592 712 et
604 669 808 713 communem
825 647 945 711 habent
958 645 1115 733 originem
1129 645 1231 732 τᾶρὸις
1244 660 1278 712 et

248 747 396 833 ταςάτῖαν,
418 751 505 836 quod
526 764 564 814 ut
585 751 665 815 ratio
687 749 834 828 ostendit,
857 748 902 813 ita
923 747 1128 814 Herodianus
1149 746 1277 812 monuit

247 847 334 933 apud
348 849 580 937 Etymologum
595 848 646 916 M.
661 874 738 916 voce
751 849 871 938 Τάςὸις.

293 949 365 1033 165.
381 951 426 1014 D.
448 948 788 1034 ω’φοὸεῑται-σιισμὸι
809 957 822 1014 ὁ
843 955 869 1015 b
891 951 1049 1030 Γαλάταις,
1064 950 1129 1013 »οὐδὲ
1151 952 1276 1037 κεραυνὸν

246 1051 310 1112 ὁὲν
327 1043 487 1139 mindam]
524 1055 583 1120 Pro
604 1053 772 1139 AEthiopia
791 1053 845 1117 alii
868 1055 1052 1140 AEgyptum
1081 1066 1272 1132 memorant,

246 1172 318 1238 quae
341 1152 487 1240 regiones
511 1155 594 1241 saepe
621 1154 796 1241 promiscue
821 1154 1025 1239 usurpantur,
1046 1152 1104 1217 ubi
1130 1176 1195 1218 non
1218 1153 1272 1217 nisi

244 1254 324 1323 aeris
342 1268 376 1320 et
393 1256 466 1321 coeli
483 1257 564 1323 ratio
586 1259 730 1323 habetur.
767 1259 954 1343 Utrumque
975 1255 1015 1319 de
1029 1254 1170 1341 utrisque
1188 1256 1271 1319 affir-

244 1368 312 1419 mat
327 1356 446 1421 Plinius
459 1361 506 1423 H.
517 1360 562 1423 N.
579 1361 623 1423 11.
636 1360 689 1423 80.
705 1359 752 1422 Et
765 1370 904 1422 autumno
918 1369 945 1420 et
959 1381 1029 1421 uere
1044 1369 1134 1420 terra
1145 1355 1271 1420 crebrius

242 1471 406 1537 moventur,
418 1460 499 1544 sterit
509 1459 598 1546 fiunt
607 1459 759 1546 fulmina.
790 1459 859 1523 Ideo
877 1458 986 1524 Gallia
1000 1470 1028 1521 ct
1041 1460 1199 1546 AEgyptus
1214 1458 1269 1520 mi·

241 1558 319 1620 nime
338 1561 693 1648 pastinatum-quoniam
708 1561 756 1625 bic
772 1558 881 1646 castatis
896 1560 995 1647 caresta
1016 1558 1117 1642 obstat,
1138 1558 1202 1622 illic
1222 1548 1290 1622 Iu'·¹

242 1659 322 1725 emis.
367 1662 513 1727 Stobaeus
537 1663 651 1750 Eclog.
679 1663 797 1750 Physrc.
826 1684 859 1748 p.
882 1665 936 1747 67.
961 1661 1002 1726 de
1026 1660 1215 1726 fulminibus
1236 1661 1269 1726 in

241 1776 376 1849 utraque
391 1763 538 1850 regiones
561 1769 588 1829 ἐν
604 1765 712 1851 χώραις
726 1763 788 1843 ὅσαι
800 1764 945 1848 νιφιτῶδας
959 1764 1007 1827 καὶ
1023 1764 1147 1850 ψυχραὶ,
1170 1765 1191 1849 a}
1209 1762 1269 1840 ὅσαι

241 1859 276 1925 ἂν
296 1862 460 1946 κεκαυμένα
477 1866 527 1927 ὑπὸ
545 1863 610 1942 lala
632 1868 662 1927 οὒ
683 1864 916 1943 massiniaco·
941 1868 965 1926 cl
986 1863 1220 1940 ιιατασιιῆψαπις
1241 1864 1268 1926 di

240 1967 268 2026 ir
288 1964 414 2047 θαύματι
435 1963 622 2052 ἀναφέρονται,
645 1966 772 2051 καθᾶπιρ
790 1970 818 2028 lu
836 1968 954 2039 Κιλτιῑς
975 1965 1086 2053 ιὲαιαξ
1101 1963 1264 2048 Αἶγιιιιῖἰοις·

239 2065 332 2152 cujus
345 2065 408 2131 loci
422 2081 528 2153 partes
542 2065 680 2132 adfedas
695 2065 865 2131 commode
879 2065 997 2131 sanavit
1010 2087 1151 2151 nuperus
1165 2063 1266 2130 editor

50 2260 57 2273 ,
110 2192 113 2198 ·
175 2180 177 2185 '
238 2166 832 2245 Heerenius,virdofflffimusl’art.1.
847 2170 966 2253 p.610.
995 2169 1047 2231 De
1062 2166 1162 2231 &¹5⁸
1177 2180 1266 2232 101¹ae

237 2281 364 2333 motum
389 2290 453 2334 non
473 2268 660 2334 timentibus
682 2270 778 2335 verbo
798 2268 996 2334 mentionem
1018 2266 1122 2355 injicit
1141 2268 1264 2334 Aristo·

237 2368 318 2434 teles
345 2370 453 2436 Ethic.
484 2371 677 2436 Nicomach.
702 2372 763 2434 ill.
787 2386 826 2454 7:
857 2369 895 2448 rin
916 2372 937 2433 δ’
955 2369 990 2434 ἄν
1009 2397 1051 2445 τις
1072 2371 1264 2453 μαινόμενιςῆ

154 2479 157 2485 ’
236 2469 405 2556 ἀνάλγητος,
420 2477 442 2535 ri
455 2472 536 2555 undis
550 2469 670 2553 possoiro,
684 2473 754 2554 μῆτι
767 2474 890 2554 σεισμὸν,
905 2472 974 2555 μήτε
989 2476 1027 2535 τὰ
1041 2471 1156 2553 κύματα
1169 2473 1263 2537 καθά·

236 2599 285 2658 περ
301 2573 368 2656 φασὶ
382 2575 444 2648 τοὺς
457 2573 590 2647 Κελτούς·
614 2586 648 2637 at
667 2572 740 2637 loco
759 2574 890 2660 gemino
912 2572 1049 2637 Eudem.
1067 2574 1129 2636 lll.
1147 2593 1178 2637 1.
1200 2597 1262 2639 non

235 2673 291 2739 nisi
313 2675 426 2758 κύματα
447 2673 545 2739 dicit:
571 2673 679 2738 Celtas
701 2673 854 2738 adversus·
869 2675 1053 2760 ingruentes
1072 2675 1188 2738 fludtus
1201 2698 1262 2761 pu·

235 2801 346 2864 gnare,
369 2791 474 2841 narrat
490 2798 618 2863 quoque
634 2776 780 2840 AElianus
798 2778 873 2841 Var.
893 2776 975 2839 Hist.
995 2776 1073 2839 XII.
1091 2794 1153 2860 23:
1177 2775 1264 2863 quod

235 2879 403 2943 Germanis
425 2877 536 2943 tribuit
557 2877 672 2942 Strabo
694 2877 772 2941 VII.
798 2898 832 2961 p.
846 2894 922 2960 450.
939 2878 983 2939 A.
1007 2877 1183 2962 AEgyptum
1206 2902 1264 2941 νιιιι

234 2979 346 3042 concuti
367 2990 457 3042 terrae
481 2991 570 3058 motu,
592 2992 630 3041 ut
651 2977 747 3062 vulgo
768 2976 898 3064 quidem
921 2976 973 3041 sed
994 2977 1070 3040 falso
1089 2976 1261 3057 creditum,

234 3095 331 3167 negat
352 3083 473 3145 Seneca
491 3079 609 3168 Quaest.
624 3081 703 3144 Nat.
717 3080 776 3144 Vl.
794 3081 834 3145 26
848 3104 856 3144 ε
880 3080 1019 3143 Poteram
1033 3078 1118 3141 abuti
1131 3080 1260 3144 auctori·

234 3193 296 3246 tate
316 3206 488 3270 magnonem
509 3182 654 3260 virorum,
677 3181 728 3268 qui
743 3182 917 3267 AEgyptum
937 3204 1099 3268 numquam
1122 3183 1263 3267 tremuffl

234 3285 479 3349 tradunt-Sed
491 3295 623 3347 movetur
639 3295 667 3346 et
679 3283 890 3370 AEgyptus-.
927 3282 1025 3369 Quod
1047 3297 1158 3346 contra
1175 3285 1261 3348 affir-

234 3403 313 3469 mat,
335 3403 374 3452 ut
395 3385 516 3451 nemini
537 3386 697 3471 ignotum,
718 3383 881 3463 Aristides,
896 3384 952 3470 qui
973 3384 1037 3470 ipse
1058 3384 1092 3455 in
1113 3386 1261 3472 AEgypto

233 3489 349 3567 fuerat,
364 3488 455 3553 Orat.
472 3487 610 3572 AEgypt.
624 3486 663 3549 T.
679 3485 723 3548 11.
744 3505 778 3569 p.
793 3485 877 3570 365:
899 3486 934 3558 ὠς
947 3484 975 3546 δὲ
990 3512 1010 3569 ‘l
1027 3487 1182 3570 σασμιῖςιὲ
1198 3500 1259 3548 λιι-

232 3595 305 3672 pois,
320 3588 366 3669 noi
380 3592 434 3663 ταῖς
450 3591 480 3666 ἐξ
494 3589 591 3673 §parui
607 3590 817 3667 κατακλυσμοῖς
833 3584 974 3659 ἀνάλωτος
992 3592 1007 3662 ἡ
1025 3585 1110 3671 χώρα
1131 3588 1162 3648 δι’
1179 3586 1260 3651 αὐτόν

235 3694 293 3776 (τὸν
314 3693 424 3772 Νεῖλον)
449 3693 515 3769 ὲςιν,
539 3690 595 3751 οὐδὲ
616 3689 677 3761 τοὺς
695 3691 753 3775 πρὸ
773 3694 847 3768 ἡμῶν
868 3687 926 3768 (ita
946 3687 1074 3773 legend.
1096 3710 1154 3773 pro
1167 3692 1255 3770 ὑμῶν)

225 3791 368 3869 Ἕλληνας
383 3791 492 3855 ἔλαθεν.
523 3788 681 3855 Plutarchi
698 3789 792 3853 verba
805 3787 953 3852 adhibuit
966 3789 1142 3853 Aristotelis
1155 3792 1187 3855 N
1191 3791 1258 3870 ico-

231 3892 338 3959 mach.
354 3893 425 3957 loco
440 3894 590 3956 Muretus
605 3891 691 3976 Opp.
703 3890 743 3954 T.
758 3890 821 3952 111.
837 3910 870 3975 p.
883 3889 956 3952 281.

275 3997 346 4080 165.
360 3997 398 4060 E.
421 3992 656 4071 δέδιε-κληδόνα,
671 3995 784 4069 σιωπὴν,
799 3989 917 4078 dragum]
948 3994 973 4056 F
973 3993 1084 4057 ortaffe
1103 3994 1169 4079 post
1190 3993 1257 4058 ὄνα-

229 4126 273 4187 pov
295 4096 414 4163 excidit
427 4096 601 4182 ἐγρήγορσιν,
624 4092 774 4180 siquidem
790 4092 823 4157 in
839 4107 908 4157 tota
929 4092 1066 4159 didione
1089 4095 1258 4181 disjunctis

230 4198 420 4287 respondent
444 4197 618 4284 disjunlla:
652 4195 692 4260 fic
719 4199 806 4281 σιαηῑ
832 4195 1006 4282 opponitur
1033 4196 1148 4278 κληδὼν,
1175 4223 1256 4262 omen
