2692 4770
241 333 445 406 1110111111.
460 342 549 405 REG.
564 342 618 405 ET
629 342 726 406 DUc.
744 364 775 424 p.
783 344 1027 422 191.F-191.B.
1078 355 1156 423 1109

162 525 235 592 191.
250 509 287 574 F.
310 511 602 599 rimaremur]
628 508 737 599 Hujus
751 510 875 577 mentio
889 512 932 577 est
951 509 1038 598 apud
1057 509 1151 576 Thu·

115 606 267 697 cydidem
287 612 385 678 VIII.
414 614 551 699 28-55.
574 613 607 678 in
630 614 724 680 rebus
748 612 789 678 ad
817 613 939 679 Chium
962 612 1070 701 gestis,
1094 613 1153 678 ubi

114 723 234 795 praetor
251 710 316 798 ipse
337 713 439 780 obiit:
463 736 529 802 quo
552 713 692 802 pertinet
712 715 825 780 matris
846 714 915 802 ejus
939 713 1104 782 Teleutiae.
1116 708 1152 781 in

111 809 218 896 ipsum
242 813 417 901 increpatio
440 816 474 881 in
501 815 662 882 Plutarchi
685 817 858 904 Apophth.
882 820 1093 882 lacaenarum
1114 838 1150 903 p.

111 930 187 999 243.
202 916 247 981 D.
285 917 439 983 Isocrates
461 918 494 984 in
516 918 717 987 Archidamo
740 941 774 1007 p.
792 919 874 987 218:
901 919 1075 1007 Παιδάρετος
1099 919 1151 1002 μὶν

110 1020 171 1103 γὰρ
186 1022 223 1092 εἰς
236 1021 305 1082 Χῖον
318 1020 450 1095 πλεύσας
463 1024 511 1098 τὴν
524 1021 612 1085 πόλιν
626 1025 716 1086 αὐτῶν
729 1021 868 1087 διέσωσεν.
898 1023 974 1110 Qua
987 1020 1029 1085 de
1044 1019 1149 1087 cauffo

109 1139 186 1183 eum
215 1120 249 1184 in
278 1121 418 1187 lexicon
443 1122 653 1190 Rhetoricum
676 1123 785 1189 retulit
807 1122 1044 1211 Harpocration
1068 1145 1148 1190 voce

108 1219 271 1309 Πεδᾶςιτος·
296 1245 393 1311 quem
409 1224 587 1291 describens
608 1224 641 1290 in
664 1246 769 1312 pauca
781 1217 921 1292 contulit
938 1224 1052 1290 Suidas
1067 1246 1146 1290 voce

106 1325 290 1410 Παιδάρετος·
318 1325 503 1392 varietatem
527 1327 689 1415 scripturae
718 1327 751 1391 in
779 1326 843 1392 hoc
867 1326 999 1392 nomine
1023 1325 1147 1392 notavit

105 1424 250 1490 Valesius
275 1426 299 1491 l.
315 1428 371 1493 cit.
394 1440 428 1493 et
448 1428 683 1495 Valckenarius
702 1429 744 1495 ad
760 1428 923 1495 Theocrit.
943 1429 1081 1516 Digrefl'.
1099 1430 1144 1494 ll.

104 1548 137 1613 p.
154 1530 228 1594 161.
248 1529 388 1615 probans
407 1531 584 1618 Harloigmos
597 1544 631 1596 et
644 1531 836 1618 Παιδᾶρατον.
866 1529 961 1595 Plura
973 1529 1044 1619 ejus
1057 1550 1143 1617 pra·

48 1708 53 1720 .
102 1641 153 1694 ter
178 1630 242 1696 hoc
266 1631 352 1698 dicta
374 1633 496 1700 exstant
520 1634 554 1700 in
579 1633 829 1723 Apophthegm.
855 1636 978 1701 Lacon.
1003 1655 1037 1722 p.
1065 1651 1141 1720 231.

146 1854 220 1921 191.
236 1838 272 1902 F.
294 1836 522 1926 Παιδᾶρετος-]
549 1839 588 1903 In
611 1837 784 1927 Apophth.
802 1839 880 1903 Lac.
903 1860 937 1924 p.
954 1856 1028 1924 231.
1044 1839 1089 1918 A,
1100 1840 1139 1903 Β.

99 1937 178 2003 Vita
199 1940 343 2028 Lycurgi
363 1962 398 2028 p.
416 1957 472 2025 55.
494 1940 536 2008 C.
572 1941 625 2007 De
648 1941 699 2006 his
724 1941 876 2006 trecentis
898 1939 1034 2029 Cragius
1056 1943 1137 2030 ch.

97 2041 177 2106 Iac.
194 2042 240 2106 11.
259 2061 310 2124 14.
334 2062 367 2128 p.
386 2043 466 2127 158:
492 2042 645 2108 necdum
661 2041 735 2107 satis
749 2042 906 2129 explicata
919 2064 981 2108 res.

144 2162 218 2230 191.
234 2146 269 2209 F.
293 2146 572 2232 AAMONIAOY]
597 2144 790 2211 Notavimus
812 2166 846 2232 p.
865 2165 938 2233 149.
954 2145 997 2210 A.
1028 2145 1068 2210 In
1087 2146 1137 2210 A·

96 2244 237 2331 pophth.
260 2248 339 2310 Lac.
365 2266 398 2333 p.
415 2265 489 2331 219.
505 2253 544 2313 E.
567 2246 713 2314 scribitur
737 2247 901 2332 Δαμωνίδε,
924 2261 1040 2314 neutro
1063 2247 1138 2315 loco

94 2344 260 2410 codicibus
275 2345 539 2413 diffcntientibus.

139 2466 171 2532 p.
187 2466 259 2534 192.
269 2449 312 2512 A.
334 2448 655 2534 mmmmm]
681 2448 803 2527 isfuit,
818 2448 874 2534 qui
889 2448 920 2513 in
936 2450 1135 2517 mercenario

95 2548 284 2615 Graecorum
299 2550 453 2630 exercitu,
472 2551 530 2616 sub
547 2549 725 2622 Artaxerxe
739 2551 835 2616 Ocho
855 2551 1002 2617 adversus
1023 2553 1133 2642 AEgy·

93 2650 179 2736 ptios
194 2650 345 2731 bellante,
361 2651 428 2716 dux
445 2651 642 2739 Argivorum
657 2651 731 2731 fuit,
746 2674 785 2717 ac
799 2651 917 2717 viribus
931 2665 965 2718 et
978 2655 1133 2742 gestanda

92 2753 181 2819 clava
195 2766 229 2819 et
243 2754 327 2841 pelle
340 2754 469 2820 leonina
484 2754 635 2820 Herculis
649 2753 757 2819 fimilis
771 2753 832 2820 esse
846 2755 989 2821 volebatt
1012 2754 1131 2844 dequo

91 2855 256 2922 Diodorus
272 2857 335 2922 Sic.
353 2857 445 2922 XVI.
461 2876 516 2939 44.
534 2869 569 2921 ct
582 2855 811 2943 Weffclingius
826 2855 958 2921 ibidem.
994 2857 1130 2923 Dictum

89 2956 131 3020 ad
148 2956 288 3045 Agidcm
308 2972 466 3024 memorat
491 2958 694 3038 Plutarchus,
720 2958 774 3023 De
797 2956 923 3024 Vitioso
946 2958 1072 3025 Pudore
1093 2982 1128 3048 p.-

88 3061 265 3248 ⁵3i9iill.
297 3164 644 3250 arantmoulaor]
681 3161 883 3229 Retinuimus
907 3163 950 3229 ob
975 3164 1128 3231 codicum

86 3264 286 3344 consensum,
311 3286 507 3352 quamquam
530 3263 635 3328 verius
663 3262 849 3327 habendum
871 3264 915 3327 est
943 3269 1125 3329 ΕΎΔΑΜΙ·

87 3371 184 3445 ΔΟΎ,
207 3379 246 3430 ut
266 3366 300 3430 in
321 3366 495 3452 Apophth.
517 3367 594 3430 Lac.
618 3387 652 3451 p.
670 3384 744 3430 11ο.
760 3364 804 3429 D.
842 3364 917 3429 Fuit
938 3364 992 3430 hic
1013 3367 1124 3431 Euda-

84 3469 190 3532 midas
208 3470 235 3532 1.
259 3466 375 3555 Agidis
391 3470 437 3532 ΙΙ.
453 3467 568 3531 frater:
593 3464 634 3530 de
655 3488 721 3553 quo
741 3465 899 3531 Meurfius
919 3468 1023 3554 Regu.
1041 3469 1123 3535 Lac.

85 3568 180 3634 XIX.
202 3592 235 3658 p.
253 3571 305 3635 86.
320 3569 385 3656 seq.
422 3568 601 3634 Larcherus
624 3567 781 3633 Chronol.
803 3566 963 3633 Herodot.
988 3570 1028 3635 Τ.
1043 3571 1123 3637 Vll.

84 3688 258 3858 1293·ss
280 3775 335 3861 α’.]
359 3772 534 3862 Apophth.
550 3774 629 3838 Lac.
643 3793 678 3860 p.
695 3790 769 3839 220.
785 3773 829 3838 D.
851 3770 939 3837 aliud
953 3771 988 3837 in
1007 3773 1121 3838 Xeno·
1151 3790 1157 3797 ·

83 3887 216 3939 cratem.
741 3926 743 3930 .

128 3995 200 4062 191.
215 3979 254 4042 Β.
276 3977 332 4064 β’.]
363 3976 534 4064 Apophth.
557 3977 635 4042 Lac.
658 3998 692 4063 p.
710 3994 784 4042 220.
806 3975 852 4055 D,
867 3975 916 4039 E:
946 3973 1033 4040 unde
1055 3973 1121 4040 hoe
1161 3987 1170 4001 ¹

79 4078 155 4144 loco
176 4078 410 4165 reponendum,
434 4078 474 4143 Aa
496 4078 576 4162 μόνος
598 4079 709 4164 ἀγαθὸς
730 4078 861 4164 ςςαῖηγός
880 4081 894 4140 d
915 4076 1007 4159 σοφός·
1029 4075 1119 4163 quod

80 4180 234 4246 exhibent
247 4180 346 4247 etiarn
359 4180 437 4246 Ald.
453 4182 522 4246 Bas.
542 4178 619 4268 Xyl.
640 4182 672 4245 J.
687 4179 782 4244 Harl.
796 4179 915 4246 Venct.
930 4180 1021 4243 Mea.
1038 4178 1118 4244 item

79 4283 228 4350 Stobaeus
254 4282 311 4372 qui
325 4283 451 4358 ¹retulit
477 4281 585 4350 Floril.
608 4281 676 4348 Tit.
701 4282 778 4350 Lll.
806 4302 842 4372 p.
863 4282 941 4369 366.
976 4279 1118 4371 negans

552 4401 646 4470 4⁸3
