2692 4770
152 308 233 370 1146
344 310 384 370 D.
392 312 444 370 W.
464 310 674 371 ANIMADV.
694 309 743 370 IN
764 306 1001 369 rauranum

149 484 215 538 tur.
253 473 359 561 igitur
371 487 501 538 acutam
519 472 607 539 illam
623 456 1109 559 laconum'breviloquen'tiain
1134 458 1199 534 non

149 573 249 639 modo
271 575 460 639 Plutarchus
481 575 551 640 aliis
573 576 606 640 in
630 575 717 640 libris
739 573 883 654 subinde,
898 572 1000 638 etalii
1023 571 1200 658 scriptore·

150 676 335 762 frequenter
353 677 537 755 laudarunt,
553 700 689 764 quorum
709 676 798 741 locos
817 673 962 740 exhibuit
980 676 1015 740 J.
1033 673 1199 739 Meurfiue

151 778 186 843 in
206 778 341 844 Misceri.
361 780 484 844 Lacon.
494 781 562 844 ili.
576 799 620 866 3:
644 778 746 845 sedet
767 778 926 865 principes
946 775 1150 843 auctoritate
1166 788 1200 841 et

150 879 282 967 ingenio
298 880 388 946 Plato
402 895 436 946 et
457 881 661 947 Aristoteles:
686 881 739 945 ille
761 880 793 944 in
815 881 984 945 Theaeteto
1007 901 1043 966 p.
1063 898 1143 964 130.
1158 875 1197 941 C.

153 980 327 1068 Protagora
348 1003 381 1068 p.
399 985 481 1067 260.
494 983 537 1046 G.
565 983 648 1069 ch.
670 984 697 1047 1.
723 1003 756 1068 p.
771 996 849 1067 572.
866 984 916 1046 A:
946 979 1001 1043 hic
1026 977 1197 1045 Rhetoric.

152 1082 199 1146 11.
212 1101 264 1149 οι.
280 1081 335 1147 illa
347 1082 433 1149 dicia
447 1084 511 1148 hoc
524 1080 594 1170 ipso
608 1083 739 1148 nomine
751 1082 905 1170 appellat,
919 1082 1043 1170 ἄςμότὶι
1057 1081 1089 1145 δὲ
1102 1085 1132 1145 ἂν
1142 1084 1196 1155 τοῖς

149 1185 279 1261 τοιούτοις
294 1184 340 1265 καὶ
352 1192 390 1250 τὰ
403 1191 556 1251 Λακωνικοὶ
569 1186 833 1271 ἀποφθίγματμ
952 1244 958 1252 .

196 1289 270 1355 208.
284 1290 322 1352 B.
345 1289 667 1375 AFAZIKAEOE‘EJ
701 1291 768 1354 Rex
789 1286 851 1351 fuit
873 1285 1008 1373 Olynrp.
1026 1284 1193 1350 XXXIX.

154 1409 184 1456 1.
200 1390 435 1478 quinquaginta
449 1391 554 1471 annis,
569 1390 743 1456 secundum
758 1389 896 1455 rationes
912 1386 1067 1452 [archeri
1085 1385 1193 1451 Chro-

152 1489 264 1577 nolog.
294 1491 453 1556 Herodot.
476 1493 571 1557 Tom.
592 1493 669 1556 v11.
694 1512 729 1578 p.
747 1509 833 1577 5011
863 1487 994 1555 Meursri
1019 1489 1054 1553 in
1079 1490 1194 1576 Regno

151 1592 271 1658 Laced.
286 1594 396 1657 XVII.
419 1615 452 1680 p.
467 1595 529 1678 78:
554 1593 655 1682 igitur
668 1593 798 1682 aequalia
812 1591 877 1658 fuit
896 1595 973 1659 VII.
997 1591 1193 1678 Sapientum

152 1694 262 1774 retati3
285 1716 345 1760 nec
367 1708 475 1761 tamen
498 1697 712 1786 Philopbaaem
734 1695 914 1784 Sophistam
929 1694 1006 1760 alibi
1024 1694 1194 1782 proditum

152 1796 370 1863 meminimus.
406 1798 649 1885 Mneiiphilum‚
664 1797 854 1863 familiarem
875 1796 1002 1864 Solonis
1024 1796 1191 1861 auctorem

152 1898 241 1964 fuiise
254 1898 410 1988 ejusmodi
425 1899 569 1980 rationis,
591 1923 612 1965 a
628 1923 692 1987 qua
713 1900 819 1987 postea
838 1899 997 1985 Sophistae
1011 1896 1193 1985 appellato·

150 2001 224 2079 etio,
239 2000 348 2087 prodit
362 2000 549 2067 Plutarchus
564 2002 598 2068 in
616 2000 828 2069 Themistocle
849 2023 883 2088 p.
900 2019 973 2067 112.
990 2001 1024 2066 D
1037 2025 1046 2064 ε
1071 1998 1128 2065 sed
1143 1999 1192 2087 ip·

96 2180 99 2185 0
151 2102 220 2168 sum
236 2102 387 2168 Solonem
406 2102 488 2168 inter
504 2103 717 2170 Athenienses
736 2102 877 2190 primum
899 2099 1044 2191 sophista
1063 2122 1190 2190 cogno·

150 2226 225 2269 men
239 2203 403 2291 accepist,
418 2219 525 2270 narrat
539 2205 692 2272 Isocrates
706 2206 797 2271 Orat.
809 2206 862 2272 De
876 2207 1052 2271 Permutat.
1068 2226 1105 2292 p.
1113 2221 1190 2293 591.

148 2303 255 2391 Cujus
268 2305 314 2370 rei
328 2304 406 2370 fidee
420 2304 618 2371 cuicuimodi
634 2305 682 2386 fit,
697 2319 736 2369 ut
753 2327 872 2371 nomen
887 2305 951 2372 hoc
965 2326 1032 2370 non
1046 2302 1146 2370 cadat
1157 2304 1190 2370 in

148 2420 281 2494 tempua
294 2403 503 2472 adolescentia
520 2406 673 2495 Agaficlis
683 2430 694 2488 3
717 2429 783 2477 non
798 2407 951 2473 abhorret
972 2426 992 2471 a
1012 2405 1190 2470 consueto·

149 2508 226 2579 dine
240 2511 436 2598 posterorum
450 2524 488 2575 ut
502 2509 634 2576 doctum
648 2509 815 2575 hominem
829 2508 909 2575 alios
923 2508 1114 2587 docentem,
1129 2507 1191 2574 suu

150 2630 240 2676 more
254 2612 358 2678 aetatis
373 2610 538 2703 Sophistam
555 2626 716 2679 vocarent.

194 2713 268 2778 208.
283 2714 322 2777 B.
344 2711 398 2800 β’.]
426 2711 612 2793 Homerice,
628 2712 738 2801 Odyff.
755 2712 795 2777 B.
805 2729 859 2797 47.
874 2724 909 2777 et
922 2709 1010 2792 alibi,
1024 2714 1191 2778 Τοῖσδοσοιν

149 2813 296 2893 βασίλευε,
311 2818 410 2901 πατὴρ
425 2815 493 2890 δ’ὦς
509 2815 583 2892 ἤπιος
597 2813 651 2892 ἦεν.

139 2902 142 2909 “
194 2916 681 2985 208.B.arn21naorrur
695 2916 926 3003 narancr]
953 2916 1082 2981 Horum
1099 2917 1190 3004 Apo

149 3017 401 3186 ppthegmatum
424 3019 537 3085 decem
556 3019 663 3107 priora
685 3043 749 3086 non
771 3020 927 3108 leguntur
948 3020 981 3085 in
1003 3019 1082 3085 Vna
1097 3021 1190 3109 Age-

151 3121 227 3186 fiai.

193 3225 267 3291 208.
282 3223 323 3290 C.
345 3225 401 3311 72]
427 3227 476 3289 Ex
491 3225 606 3291 eodem
621 3225 769 3312 exemplo
783 3223 918 3291 dudum
934 3226 976 3290 est
992 3224 1136 3290 Socratis
1149 3224 1191 3290 ad

150 3327 276 3415 Lysiam
298 3328 494 3413 responsum,
512 3328 600 3415 quod
622 3326 765 3414 prodidit
785 3326 900 3393 Cicero
915 3329 966 3393 De
981 3328 1071 3393 Orat.
1088 3326 1118 3391 I.
1128 3342 1190 3412 54:

152 3429 336 3517 Quinetiam,
362 3453 452 3516 quum
476 3431 503 3493 ci
519 3431 668 3519 scriptam
690 3430 848 3495 orationem
869 3428 1070 3517 disertiffimus
1091 3441 1194 3495 oratur

150 3533 254 3618 lyſsas
275 3531 430 3620 caelestia
453 3557 555 3622 qaam,
569 3533 648 3621 βοὶ
671 3534 839 3611 videretur,
859 3534 1006 3620 edisceret,
1026 3544 1062 3595 ut
1079 3557 1117 3596 ea
1135 3547 1193 3622 pro

138 3637 223 3724 sein
234 3635 353 3724 judicio
367 3646 509 3716 uteretur,
530 3660 589 3700 non
608 3635 723 3701 invitus
742 3634 826 3724 legit,
843 3648 870 3699 et
889 3636 1031 3701 commode
1040 3635 1193 3723 scriptun

149 3739 203 3825 effe
222 3736 322 3800 dixit:
347 3736 418 3818 Sed,
437 3737 547 3825 inquit,
565 3750 600 3802 ut
609 3738 645 3823 ſs
658 3738 730 3802 mibi
747 3738 855 3804 calceos
874 3737 1018 3825 Simius
1031 3738 1191 3826 attuliffes‚

147 3865 207 3907 non
228 3852 337 3921 uterer,
361 3841 499 3929 quumvis
527 3841 614 3927 efflat
637 3838 750 3905 babilas
773 3853 801 3905 et
825 3841 955 3930 aptiori
975 3840 1091 3929 pedem,
1116 3841 1193 3928 quia

147 3970 207 4012 non
220 3947 308 4034 efferat
320 3944 425 4009 viriles
435 3970 445 4009 ε
456 3944 504 4031 stc
524 3945 610 4009 illam
629 3945 787 4009 oraticnem
809 3946 948 4032 dffertam
958 3944 1023 4031 ſsbi
1040 3956 1068 4008 ct
1087 3957 1191 4010 orato·

147 4050 226 4114 riam
239 4048 351 4124 videri,
364 4046 478 4135 fortem
494 4058 522 4109 et
534 4046 653 4111 uirilem
667 4071 726 4111 noa
739 4047 851 4112 cidari.

192 4153 266 4217 208.
284 4151 324 4216 C.
343 4150 391 4237 8.]
418 4150 556 4216 Videtur
569 4173 609 4216 ex
622 4149 793 4238 Euripideo
807 4150 906 4231 dicto,
922 4150 1080 4237 proverbii
1095 4149 1193 4217 instar

149 4253 313 4343 usurpato,
337 4252 486 4335 manaffe,
510 4252 567 4341 qui
586 4254 631 4320 est
650 4253 683 4319 in
702 4251 886 4342 Hippolyto
904 4256 989 4321 612:
1010 4254 1052 4319 ‘H
1074 4255 1190 4339 yfficr'
