2692 4770
147 282 225 338 1120
335 274 376 336 D.
386 274 439 337 W.
458 276 669 337 ANIMADV.
690 276 739 336 IN
758 271 1005 335 PLUTARCHI

149 439 341 505 Plutarchus
356 438 388 503 in
409 438 544 505 AEmilio
561 439 660 505 Paulo
672 462 707 526 p.
723 452 797 527 275.
813 437 857 519 C,
870 438 932 503 De
955 434 1020 501 ubi
1038 431 1141 521 Appii
1155 431 1204 499 tli-

148 544 240 608 ctum
266 542 301 607 in
331 542 490 629 Scipionis
518 542 657 608 studium
685 564 762 631 erga
783 541 930 629 plebem3
966 538 1152 627 reponitur
1172 535 1203 601 in

150 644 337 730 Reip.'Ger.
356 648 453 709 Praec.
477 667 510 731 p.
526 647 601 711 810.
617 647 656 711 B.
689 645 866 711 Censuram
881 642 979 730 geffit
992 639 1115 729 Scipio
1127 660 1203 705 cunt

149 749 190 811 L.
206 746 370 811 Mummio
383 748 426 811 A.
443 749 489 813 U.
504 748 641 813 DCXI:
665 747 705 813 de
719 758 783 833 qua
800 746 1026 833 exposuerunt
1050 744 1202 833 Sigonius

150 846 339 913 Comment.
355 847 388 912 in
404 851 485 914 l'ast.
499 852 595 916 Tom.
610 852 697 939 Opp.
714 853 742 915 Ι.
763 872 797 938 p.
811 850 897 936 3⁶9²
920 846 1070 935 Pighius
1083 842 1202 941 Annal.

151 950 247 1036 Mag.
268 950 361 1014 Rom.
380 952 420 1015 Τ.
437 953 482 1017 ll.
497 975 531 1039 p.
546 970 623 1037 475.
1065 1025 1068 1030 ,

196 1069 270 1115 200.
283 1052 329 1140 Ι).Ι
345 1051 409 1137 ιἀ’.]
429 1053 538 1141 Hujus
553 1055 599 1118 rei
612 1055 683 1119 hacc
697 1051 862 1142 fingularis
875 1052 919 1117 est
931 1050 1080 1117 mentio.
1104 1046 1201 1115 Haud

150 1150 216 1217 scio
239 1175 281 1216 an
302 1151 387 1217 idem
413 1154 449 1218 srt
474 1155 612 1233 Asellus,
636 1178 735 1243 eques
760 1157 938 1233 Romanus,
961 1162 1070 1240 quem
1094 1151 1201 1239 Scipio

151 1254 276 1319 Censor
298 1276 382 1341 equo
406 1256 537 1321 ademto
559 1257 694 1338 notavit,
715 1257 796 1322 alter
816 1256 999 1321 Censorum
1023 1256 1069 1321 1..
1085 1257 1200 1321 Mum·

150 1355 236 1420 mins
246 1371 328 1422 nota
341 1356 487 1421 liberavit
494 1384 504 1439 ;
529 1357 687 1423 Cicerone
701 1370 850 1423 narrante
861 1359 916 1423 De
930 1356 991 1421 Or.
1007 1357 1060 1421 ll.
1076 1359 1133 1437 64.
1147 1357 1199 1421 ⁶6.

150 1460 225 1546 Qus
248 1460 289 1525 tle
310 1474 401 1525 re-et
422 1462 573 1548 Sigonius
597 1461 726 1526 monuit
746 1461 935 1525 Comment.
958 1458 993 1523 iu
1017 1460 1106 1525 Fsst.
1127 1458 1197 1527 l..c.

150 1575 184 1624 ct
197 1560 229 1624 in
246 1561 397 1647 Scipione
410 1562 584 1627 AEmiliano
600 1563 683 1649 Cap.
696 1582 752 1651 39.
767 1584 799 1649 p.
812 1566 889 1648 634.
1018 1618 1024 1627 .

196 1683 270 1727 200.
286 1666 324 1728 E.
348 1663 414 1749 iffi]
444 1664 560 1730 Cicero
584 1667 642 1730 Or.
668 1667 728 1729 Pro
754 1665 907 1730 Cluentio
928 1665 994 1744 482
1025 1663 1103 1729 Nou
1123 1662 1198 1729 enin

149 1765 223 1830 mihi
237 1765 399 1854 exemplum
403 1767 515 1855 summi
531 1779 559 1830 ct
572 1767 723 1855 clarifflmi
738 1769 815 1846 viri,
829 1769 870 1831 P.
885 1766 1049 1852 Africani,
1067 1778 1197 1855 prater·

150 1870 277 1933 euntium
299 1870 444 1935 videtur:
475 1871 529 1958 qui
549 1896 616 1935 cuns
637 1872 703 1957 efflt
723 1873 832 1957 censor,
856 1882 884 1933 sl
905 1869 1097 1956 inequitant
1117 1870 1198 1956 censs

152 1973 189 2036 C.
205 1972 339 2035 Licinius
356 1973 497 2036 Sacerdos
511 1973 662 2059 prodiffet,
678 1972 764 2037 clara
783 1997 863 2051 noce,
883 1983 924 2051 st¹
934 1983 971 2035 ut
990 1972 1090 2035 omnis
1103 1970 1198 2039 concis

150 2074 257 2138 audire
271 2074 372 2161 pistor,
387 2075 466 2138 dixit
477 2076 516 2160 se
526 2075 619 2160 scire,
644 2075 730 2137 illum
749 2075 847 2137 verbis
866 2073 1009 2161 corruptis
1028 2074 1197 2161 pejrmffe:

138 2175 174 2259 fi
194 2176 261 2263 quis
284 2177 481 2239 contradicere
504 2176 607 2256 vellet,
628 2180 748 2262 tisianus
775 2177 827 2262 effi
847 2199 912 2239 mm
928 2176 988 2259 sico
1012 2173 1197 2259 testimonis.-

147 2274 255 2337 det'nds
269 2288 451 2339 cumcontra
465 2300 545 2340 nemo
560 2276 679 2354 diceret,
686 2275 773 2364 juffit
787 2299 892 2362 equum
907 2275 1080 2341 traducere.
1121 2277 1196 2341 Pm-

149 2375 223 2463 pius
236 2378 332 2442 etiam
348 2378 387 2442 ad
407 2379 567 2443 Plutarchi
583 2380 718 2443 formam
736 2391 843 2442 narrat
856 2376 1004 2442 Valerius
1020 2376 1119 2443 Max.
1137 2378 1195 2441 1v.

152 2499 182 2542 1.
199 2498 253 2544 10:
281 2480 439 2544 centurias
454 2484 655 2568 recognoscens
670 2480 810 2566 equitum,
826 2478 977 2567 pfflquom
994 2478 1030 2541 C.
1043 2478 1196 2542 Licinium

150 2582 333 2645 Sacerdotem
356 2584 479 2645 citatum
502 2582 659 2669 proccffiffir
681 2582 908 2659 aninmdvcrtit,
931 2580 1023 2657 dixit,
1052 2581 1095 2645 Sc
1105 2581 1194 2667 stirs,

149 2683 235 2747 illum
251 2687 351 2748 verbis
373 2686 511 2772 conceptis
529 2687 669 2772 pejeroffi’
680 2709 690 2761 ;
709 2684 836 2771 proinde
846 2684 881 2768 st
897 2684 1043 2770 quiscum
1060 2685 1196 2771 nccujitrc

148 2787 252 2865 vellet,
268 2791 387 2874 usinum
400 2788 554 2873 taestimom'o
566 2789 637 2871 suo.
678 2787 739 2848 Sat
752 2785 835 2849 nullo
857 2788 899 2848 nd
918 2785 952 2847 id
973 2787 1127 2871 negotium
1145 2809 1195 2848 uc-

150 2891 278 2966 cedente,
301 2898 324 2928 “
343 2891 466 2953 Tradat
486 2914 603 2974 equum,
625 2890 733 2976 inquit,
756 2889 895 2953 Sacerdos
917 2912 953 2951 ac
972 2886 1107 2972 lucrifac
1128 2912 1195 2951 cen·

150 2992 298 3077 “sorirrm
312 3005 427 3065 notam
453 3017 488 3054 nc
502 3016 555 3076 rgo
571 2992 602 3055 in
621 3005 673 3056 tua
694 2994 827 3079 persona,
843 3005 871 3054 et
891 2990 1082 3077 ocorsatoris,
1107 3004 1136 3054 ct
1153 3004 1197 3054 tc·

150 3090 251 3176 “stis,
267 3105 295 3154 ct
306 3093 422 3179 judicis
442 3107 543 3179 parles
557 3095 646 3180 egiffi’
661 3095 805 3156 videor.”

195 3215 270 3262 200.
284 3196 321 3257 E.
347 3193 412 3280 172]
439 3196 638 3280 Κλειτόμαχος
662 3195 785 3258 videtur
810 3194 1001 3259 mutandum
1026 3194 1059 3259 in
1086 3202 1195 3261 [locs-

151 3299 252 3378 δῶνιος,
276 3298 363 3383 quod
388 3321 505 3362 nomen
529 3299 560 3360 in
581 3298 692 3361 cadem
714 3320 747 3360 re
769 3295 925 3359 narranda
947 3296 1040 3381 ponit
1064 3298 1197 3363 Plutar-

151 3401 233 3465 chus
256 3398 310 3462 Ad
336 3397 471 3483 l'rincip.
496 3398 622 3462 ludocl.
647 3420 679 3483 p.
697 3414 770 3480 777.
786 3398 829 3460 A.
852 3410 886 3459 ct
908 3396 1052 3459 Davisius
1073 3399 1118 3462 ad
1139 3399 1197 3463 Ci-

151 3503 276 3567 ceronis
296 3499 398 3564 Acad.
419 3503 462 3563 ll.
481 3521 510 3566 2.
535 3501 578 3563 ita
593 3499 819 3584 corrigendum
836 3498 969 3561 censuit.
1006 3499 1044 3562 In
1063 3500 1197 3565 Home·

152 3606 219 3671 rico
233 3605 332 3680 rursu,
349 3603 403 3688 qni
424 3604 466 3666 eli
482 3603 591 3689 Odytl.
609 3606 641 3666 Ρ.
653 3606 727 3683 487.
745 3625 803 3687 pro
817 3602 928 3663 πόλεων
944 3600 1030 3665 recte
1047 3605 1092 3667 est
1108 3603 1199 3688 ὔέριν,

151 3724 190 3773 ut
205 3708 237 3769 in
252 3707 352 3770 altero
369 3707 529 3770 Plutarchi
552 3705 635 3781 loco,
655 3720 688 3767 et
706 3706 783 3767 lun.
801 3703 893 3767 Harl.
915 3705 979 3769 Rex
994 3701 1197 3768 Alexandri-

152 3833 267 3876 norum
288 3809 479 3895 significatur
502 3807 692 3872 Ptolcmaens
714 3807 870 3893 Physcon,
888 3805 920 3868 in
940 3804 1032 3890 cujus
1053 3829 1197 3893 regnum

152 3916 223 3979 haec
245 3911 363 3998 legatio
383 3911 495 3975 incidit
515 3913 557 3973 A.
576 3913 618 3973 U.
634 3909 760 3972 DClX.
776 3924 809 3974 et
825 3908 913 3970 hunc
932 3907 1040 3971 locum
1057 3911 1198 3995 apponit

150 4021 181 4085 J.
197 4014 388 4080 Vnillantius
409 4014 488 4077 llill.
508 4012 642 4076 Ptolem.
664 4033 696 4096 p.
717 4030 787 4093 170.
823 4013 884 4074 Rcs
899 4008 1029 4073 uberius
1044 4028 1198 4077 enarrata

151 4120 184 4183 in
200 4118 289 4203 Dilp.
307 4119 358 4181 De
374 4115 513 4179 l'anaetio
529 4117 556 4176 l.
575 4133 625 4176 11.
640 4134 672 4196 p.
685 4130 739 4192 42.
756 4113 866 4196 etseq.

193 4243 227 4307 p.
242 4239 314 4287 201.
330 4222 372 4283 A.
399 4216 456 4303 02]
484 4216 593 4280 Habet
614 4236 634 4277 a
657 4214 802 4302 Polybio,
822 4213 912 4300 cujus
927 4213 1133 4281 mentionem
1156 4217 1196 4283 de
