2692 4770
208 292 287 353 1206
339 310 346 329 -’
399 290 1057 357 D.w.AN1MADv.1N1³atJTaacm

210 454 338 522 secutus
359 458 402 523 est
425 457 574 526 Klotziua
595 459 637 526 ad
655 463 822 550 Tyrtaeum
843 474 978 547 p.154;
1001 476 1077 521 flam
1092 447 1171 518 huic
1185 471 1253 537 ΡΨ

208 569 271 624 eto
293 559 356 625 hoe
381 560 572 643 institutum,
597 577 683 629 certe
705 563 739 629 hi
762 562 878 644 versus,
901 556 1064 633 tribuendi
1085 553 1248 620 videntur.

207 659 425 729 Adhibendua
440 664 539 729 etiam
556 664 645 731 Plato
659 666 740 755 lag.
757 666 803 731 11.
823 687 857 752 p.
870 663 948 749 580.
961 663 1006 728 D.
1025 672 1060 724 at
1078 658 1168 746 saqu.
1182 669 1249 720 tres

207 761 325 829 choros
339 765 609 833 aetatedistinttos
624 791 663 833 ex
680 767 839 833 Laconica
856 765 979 841 ratione
995 757 1248 828 commendans:

196 864 251 935 ad
273 889 369 954 quem
393 868 504 936 locum
527 871 731 939 referendum
753 869 879 937 videtur
901 865 991 957 quod
1015 865 1048 930 in
1074 860 1251 929 Scholiasta

208 990 313 1057 nuper
333 970 422 1038 edito
443 994 476 1059 p.
493 993 567 1060 223.
589 972 711 1062 legitur
732 971 772 1038 ad
794 975 877 1060 Ing.
897 973 924 1036 I.
944 992 978 1057 p.
993 968 1069 1055 568.
1085 967 1132 1043 D.
1154 964 1250 1037 scho-

206 1071 275 1139 lion'
297 1086 362 1140 tres
380 1075 442 1141 hoa
461 1075 578 1142 choros
597 1093 632 1142 et
644 1077 750 1143 versuo
769 1075 921 1143 referens.
953 1073 1048 1138 Duos
1063 1067 1153 1134 fuilse
1167 1067 1250 1134 cho-

207 1196 261 1241 ros
274 1174 308 1240 in
324 1177 569 1266 Gymnopaediia
584 1179 831 1266 Spartanorum,
845 1176 865 1241 fi
880 1173 953 1262 quis
968 1172 1105 1261 probata
1119 1168 1196 1245 velit
1210 1189 1252 1234 ex

77 1300 80 1305 ·
206 1276 371 1344 Athenaeo
386 1280 464 1354 XV.¹
484 1301 519 1367 p.
534 1281 610 1365 678.
627 1280 668 1345 C.
689 1278 788 1351 maio
801 1300 888 1347 ¹rano
906 1286 1104 1364 argumpnto
1124 1284 1250 1351 utatur,

206 1379 326 1469 quippe
350 1381 491 1449 alitione
511 1381 776 1470 inquinatiffimae
798 1403 898 1468 quam
918 1375 1006 1467 quod
1027 1376 1083 1449 fibi
1103 1374 1187 1453 visua
1207 1375 1252 1439 est

198 1484 373 1551 .aorrerrille
390 1484 537 1575 Toupiua
552 1485 649 1573 Epist.
659 1485 749 1557 crit.
764 1505 800 1571 p.
815 1503 870 1570 94.
889 1480 983 1549 nobis
998 1477 1132 1566 quidem
1145 1478 1251 1555 nostra

207 1585 405 1673 conjeEtura,
433 1585 487 1649 nia
515 1607 601 1666 vera,
626 1574 713 1650 certe
739 1583 936 1672 probabilior
958 1581 1096 1647 videtur.
1139 1578 1251 1646 Diaio

206 1685 346 1776 vulgaria
367 1687 439 1753 haec
462 1687 525 1753 est:
546 1689 628 1775 χοροὶ
647 1691 667 1752 δ’
683 1690 736 1753 alal
755 1690 788 1752 τὸ
809 1687 860 1771 μὶν
880 1683 983 1775 σῴσω
996 1681 1204 1763 valiomii'
1220 1685 1257 1761 ἐξ

206 1789 302 1878 ἇρῐςου
316 1794 418 1879 ἀνδρῶν
431 1799 543 1878 γυμνῶν
559 1790 731 1878 ὀρχουμένων
751 1792 799 1856 καὶ
813 1790 942 1878 ᾀδόντων.
964 1788 1082 1855 Nostra
1094 1783 1250 1852 correffio

205 1890 412 1979 hujusmodiz
433 1894 516 1981 χοροῖ
531 1895 551 1957 δ’
567 1895 619 1958 εἰσὶ
634 1892 676 1978 γ’·
700 1893 780 1976 ipit
795 1901 909 1980 optim
922 1889 1036 1955 nolim·
1060 1889 1116 1952 ὅδὲ
1131 1885 1250 1975 δεύτερος

207 1991 320 2074 aptam·
345 1999 358 2057 ὁ
377 1995 404 2058 ii
424 1994 515 2082 τρίτος
534 1997 646 2083 ἀνδρῶν·
671 2003 783 2079 γυμνῶν
801 1991 963 2083 ὄςχυμένων
977 2019 1007 2057 κ.
1020 1993 1066 2078 pt.
1101 1991 1201 2056 Hanc
1215 1988 1250 2053 in

205 2117 274 2161 rem
289 2096 497 2165 conferantur
518 2098 674 2163 Veterum
696 2095 772 2177 loci,
789 2119 869 2184 quos
883 2095 987 2161 citant
1001 2092 1060 2169 viri
1074 2090 1164 2169 dotti
1177 2090 1249 2156 lau·

206 2195 274 2262 dati
298 2221 318 2262 a
341 2197 539 2264 Ruhnkenio
561 2199 603 2263 ad
622 2199 708 2264 Tim.
728 2220 799 2264 voc.
819 2195 1020 2281 Γυμνοπαιδία.
1054 2196 1143 2262 Nam
1161 2192 1250 2281 quod

204 2320 225 2363 a
248 2297 380 2364 Polluce
400 2298 520 2365 dicitur
541 2298 796 2369 Lacedaemoniis
815 2299 977 2364 institnille
997 2295 1143 2386 τριχορῖαν
1163 2298 1249 2385 Tyr·

205 2413 287 2465 treus
302 2402 362 2470 IV.
380 2419 454 2488 107.
478 2403 565 2491 isque
585 2404 654 2490 poll
670 2403 907 2491 Thyreaticum¹
922 2401 1046 2468 bellum
1061 2399 1152 2466 fuiffe
1170 2422 1248 2466 cen·

205 2501 303 2584 setur,
326 2501 419 2591 cujus
437 2505 572 2570 vioiorea
596 2504 629 2569 in
651 2504 963 2594 Gymnopaediamm
986 2503 1064 2569 fello
1085 2502 1249 2567 caneban-

206 2620 280 2684 tur3
304 2621 339 2671 et
361 2607 393 2671 in
414 2607 478 2672 hoc
505 2608 581 2672 fello
601 2608 708 2694 potuit
728 2608 875 2696 τριχορίαν
896 2607 1058 2673 instituere
1076 2607 1247 2694 Tynaeus:

205 2723 240 2772 et
263 2709 295 2772 in
319 2708 382 2773 illis
401 2709 508 2774 citat-is
524 2711 681 2776 Veterum
700 2710 794 2792 locis,
808 2711 923 2775 omnino
940 2713 967 2773 ἐν
980 2715 1042 2784 ταῖς
1057 2713 1175 2796 ἑορταῖς,
1191 2720 1250 2771 tres
1275 2752 1277 2756 -

204 2809 285 2873 chori
296 2810 403 2898 βψ,
429 2810 597 2876 dicuntur:
622 2826 656 2876 et
677 2812 769 2899 polura
792 2812 918 2877 diversis
944 2810 1144 2897 temporibus
1162 2811 1251 2898 gesta

204 2912 266 2978 esse
280 2912 471 3000 Thyreatiea
486 2913 583 2993 bella,
598 2914 737 2980 vidimus
752 2916 843 3003 supra
858 2938 891 3002 p.
910 2934 983 3000 231.
1001 2917 1038 2977 E.

249 3016 324 3099 238.
340 3016 378 3079 B.
412 3013 475 3102 trs-J
505 3015 664 3103 ἑμὲατῆριοι
691 3018 790 3104 ῥυθμοὶ
814 3031 1035 3081 memorantur
1060 3015 1193 3102 quidem
1215 3014 1250 3079 in

203 3113 282 3180 Vita
297 3115 439 3202 Lycurgi
458 3138 491 3202 p.
505 3135 560 3203 53.
577 3117 616 3181 B.
634 3120 682 3181 E:
707 3117 761 3182 sed
776 3117 926 3183 hocloco
941 3115 1062 3180 aliaest
1076 3113 1248 3180 enarratio.

204 3217 314 3282 Multa
336 3217 376 3283 de
398 3219 460 3286 hoc
480 3235 674 3307 argumento
697 3219 831 3308 collegit
854 3220 1013 3285 Meurfius
1029 3217 1167 3284 Miscell.
1183 3220 1249 3282 La·

205 3343 279 3386 con.
300 3323 344 3386 ΙΙ.
364 3343 399 3386 11
418 3323 562 3409 ;.attigit
582 3337 615 3387 et
638 3323 776 3410 Cragius
801 3325 882 3408 Rep.
907 3322 1029 3386 Laced.
1045 3324 1109 3386 lll.
1126 3341 1178 3386 12.
1196 3342 1250 3386 10.

205 3449 239 3514 p.
255 3444 333 3513 357.
368 3428 575 3493 Adhibentur
589 3427 687 3492 etiam
708 3426 856 3492 Valerius
875 3427 965 3490 Max.
983 3427 1029 3489 11.
1045 3428 1076 3490 6.
1094 3446 1126 3494 2.
1141 3439 1175 3491 et
1189 3447 1250 3489 au·

204 3531 308 3597 &ores
328 3529 373 3594 ibi
393 3554 412 3594 a
435 3530 602 3595 Perizonio
624 3522 759 3608 laudati,
784 3530 815 3593 in
839 3528 950 3614 primis
972 3529 1038 3593 Dio
1058 3528 1175 3616 Chrys.
1191 3529 1250 3594 Or.

205 3633 249 3697 ll.
271 3653 304 3718 p.
319 3653 374 3718 31.
390 3635 434 3698 A.
449 3657 614 3720 apponens
629 3632 819 3721 particulam
835 3632 986 3696 carminis
1001 3630 1168 3718 ἐμὲατηςίε.

249 3735 322 3820 238.
334 3735 374 3799 C.
399 3736 461 3821 itt]
488 3737 540 3799 De
552 3759 629 3800 cura
644 3733 819 3800 retinendae
835 3734 948 3797 veteris
964 3734 1095 3797 Musrcae
1109 3731 1251 3820 Cragiua

203 3839 267 3903 lll.
284 3840 315 3902 8.
331 3858 361 3921 9.
384 3860 416 3923 p.
434 3838 508 3923 298.
546 3837 703 3924 Exempla
725 3835 802 3901 talia
827 3837 868 3900 ab
890 3835 959 3900 aliis
974 3835 1071 3913 etiam
1087 3834 1251 3900 celebrata

203 3940 287 4005 sunt.
325 3940 496 4026 Terpoadri
509 3939 667 4026 singulare
681 3939 724 4004 est
740 3938 921 4025 negotium,
944 3959 1004 4001 nec
1026 3937 1099 4001 satis
1113 3937 1250 4023 expedi-

203 4055 274 4106 tum
289 4043 329 4107 ad
347 4042 605 4128 probabilitatem
616 4067 625 4121 3
651 4041 776 4107 fortasse
800 4041 909 4117 tioium
929 4064 1035 4106 errore
1056 4042 1254 4128 posteritatis.

201 4160 326 4210 etcum
346 4147 431 4210 illius
452 4146 583 4211 nomine
605 4146 882 4211 communicatum
908 4168 947 4209 ex
968 4144 1058 4209 fimili
1071 4142 1177 4207 cauffo
1189 4144 1249 4208 Ti·

202 4248 328 4315 mothei
342 4263 376 4316 et
395 4249 545 4343 aliorum.
582 4251 669 4315 Nam
688 4249 729 4314 de
745 4248 893 4315 Timotheo
913 4247 1036 4314 constat
1057 4269 1099 4313 aa
1120 4245 1250 4313 Plutar-
