2692 4770
224 308 522 373 consonum
536 313 818 375 Ammoniou.
833 322 937 393 pm.
947 316 985 374 ιι.
1066 323 1122 377 οοι

92 467 233 535 Hercule
255 472 449 558 Apollonius
471 475 616 542 Rhodius
638 478 667 541 Ι.
690 497 784 565 1319.
806 477 905 543 Ναιαι
921 480 943 541 δ’
957 477 1124 544 ἀθανάτοισι

90 568 219 644 σοιὲςιοι.
256 575 402 644 Julianus
416 577 474 643 Or.
488 580 533 644 ΙΙ.
549 600 583 665 p.
594 599 649 667 92.
665 580 704 644 B.
720 579 760 645 de
776 579 840 645 viro
853 582 940 645 bono
955 581 1024 667 post
1038 579 1122 645 hanc

89 670 206 738 vitam:
227 677 363 764 χοςειιτῆν
377 676 415 742 τεΙ
428 683 518 744 αύτῶν
534 682 682 760 ἀτοιύισαιύο
698 683 745 746 καὶ
760 681 892 761 σννίςιον,
910 683 932 768 ’i
952 686 1028 768 αὐτῷ
1043 681 1123 756 κλέος

87 777 152 839 καθ’
173 776 291 855 ἀσαιιας
310 781 421 869 ἤγειραν
441 783 598 871 ἀνθρώποις.
636 785 832 855 Festiviffima
845 797 879 849 et
893 783 1054 871 popularis
1069 783 1120 847 su·

88 877 276 962 perstitionis
298 880 572 970 significantiffima
592 892 667 973 ῥῆσις
690 884 939 972 Comici,qu
964 885 1021 950 sub
1043 884 1118 950 Ari-

89 976 245 1066 stophanis
261 985 390 1050 nomine
404 1007 443 1050 ex
458 988 588 1052 Stobaeo
602 987 712 1052 retulit
728 987 860 1053 Grotius
880 1009 912 1073 p.
925 1008 988 1074 499
1004 1011 1011 1049 :

254 1089 338 1150 Ἀλλ’
353 1092 382 1152 ού
395 1093 455 1176 peip
469 1087 503 1153 ἀν
516 1093 578 1154 ποθ’
593 1088 676 1164 οὕτως
690 1089 882 1175 ἒςεφανεαμὲνοι

241 1189 440 1276 ,Πςιικεύμεθζ
457 1194 496 1254 ἀά
512 1191 566 1256 ἀνα
581 1193 659 1258 κύσαι
676 1191 864 1279 κεχιισιιέιοι,

255 1295 292 1354 Ei
305 1295 343 1373 μὴ
357 1291 536 1368 καταύάντοις
549 1293 646 1368 εύθύαις
659 1293 740 1358 σι’νειν
754 1293 814 1359 ἔδει.

257 1397 315 1456 Διά
329 1399 421 1457 ταῦτα
434 1395 491 1482 γάρ
505 1421 547 1459 τοι
562 1394 609 1476 κοά
623 1402 759 1476 καλένται
772 1396 916 1482 μακάιιοι.

256 1500 320 1570 Πάς
335 1500 392 1582 γάρ
406 1495 482 1581 λε’γει
497 1524 549 1575 τις,
567 1503 580 1561 ὀ
593 1496 749 1584 μακαρίτης
762 1495 881 1584 οἴχεται·

256 1598 435 1686 Κατέδαιθεν
450 1599 593 1684 εύδαύιιαιν,
610 1599 647 1663 ἀπ’
665 1602 701 1665 ἀκ
716 1600 869 1677 ἀιιάσεται·

258 1699 316 1780 Καὶ
329 1700 429 1784 θύομέν
443 1702 474 1787 γ’
488 1706 594 1766 αύσοῖσι
608 1706 664 1777 τοῖς
679 1701 875 1787 ἐναγίσμασιν,

249 1799 362 1888 ’Ὠσπερ
375 1807 475 1881 θεοῖσι,
491 1802 538 1882 καὶ
547 1803 623 1890 χούς
636 1830 671 1889 γε
683 1802 813 1890 χεύομεν·

255 1903 404 1986 Αἶτούιιεθ’
420 1905 517 1978 αύτούς
531 1905 597 1992 δοῦς’
614 1903 712 1982 ἀνιύναι
725 1905 750 1967 τ’
766 1903 879 1988 ἀγαθά.

129 2023 162 2089 p.
181 2019 254 2069 122.
267 2001 313 2070 A.
337 2003 464 2090 ἔκλυσαι]
491 2005 578 2093 Quin
599 2004 683 2070 ιεᾶο
700 2004 763 2068 Ιοοο
786 2001 982 2091 posuerimus
995 2023 1054 2089 pro
1069 2002 1118 2069 ἶλ-

92 2105 181 2185 κοσαι,
197 2127 262 2170 non
278 2105 502 2172 dubitandum.
536 2111 579 2173 Et
593 2107 669 2172 alibi
682 2105 836 2171 confundi
851 2128 888 2171 ea
899 2105 1118 2187 meminimus,

92 2225 117 2267 ν.
131 2225 162 2268 ο.
184 2203 218 2268 in
236 2205 387 2293 Polyaeno
406 2209 500 2272 Vlll.
515 2209 579 2291 46:
603 2205 814 2290 Θεμιςά-ἐτι
836 2206 990 2270 θάλασσαν
1011 2220 1118 2270 κατελ-

90 2309 187 2386 θοῦσα,
202 2308 318 2372 ἀκύτιον
331 2314 457 2394 εὑροῦσα,
471 2311 623 2393 τνεύιιατος
637 2314 822 2395 ἔτιτνχοῦσα,
841 2310 874 2372 τὸ
893 2307 1018 2393 ἀτύγαοι
1033 2308 1119 2373 ἐκλύ-

91 2434 178 2490 σασα,
197 2410 263 2493 μύνι
283 2414 454 2498 ἀναχθεῖσαι,
477 2411 664 2476 κατέπλευσεν
682 2416 718 2487 εἰς
735 2411 865 2489 Ἐλύκιιν,
886 2411 974 2476 σύλιν
994 2417 1041 2488 τῆς
1062 2412 1118 2474 Ἀ-

88 2511 184 2596 χαῖας·
210 2513 308 2600 vulgo
330 2513 436 2579 editur
462 2516 620 2579 ἑλκύσασα.
657 2513 787 2602 Synefio
809 2512 917 2579 Dione
940 2534 974 2601 p.
989 2532 1044 2597 45.
1063 2514 1116 2578 D:

90 2615 196 2690 Ιαιισοὺς
210 2616 326 2696 ἓκλύσαι
338 2620 386 2692 τῆς
400 2616 514 2699 φύσιας.
544 2615 642 2680 Varia
655 2615 751 2681 leoio
764 2614 798 2678 in
811 2613 956 2701 margine
970 2627 1004 2680 et
1016 2614 1117 2679 coila-

90 2714 132 2780 tio
158 2715 279 2782 oodicis
302 2718 493 2804 Augustani,
517 2740 589 2805 quae
616 2738 715 2804 penes
740 2739 799 2781 nos
822 2716 878 2796 est,
906 2715 962 2780 dat
989 2716 1117 2799 ἑλκύσαι.

90 2817 259 2884 Plutarcho
273 2820 325 2884 De
342 2819 465 2884 Μινύαο
479 2841 512 2905 p.
531 2838 625 2901 1141.
640 2820 679 2883 B.
702 2839 761 2906 pro
775 2818 886 2883 ἔκλυσιν
899 2816 1026 2884 codices
1040 2818 1119 2885 dant

88 2918 209 2985 ἕλκεσιν.
243 2918 392 3008 Ejusdem
413 2921 535 2985 multos
554 2919 642 2985 locos
656 2918 888 2999 annotavimus,
902 2918 959 2985 ubi
971 2919 1117 2985 Verbum

87 3018 148 3086 hoc
168 3023 266 3087 exstat
283 3021 388 3087 Afflvi
410 3035 467 3087 aut
487 3021 592 3086 Pasfivi
613 3022 727 3100 forma,
744 3020 847 3086 Medii
862 3021 1010 3087 nullum:
1034 3021 1116 3088 alio-

87 3143 157 3187 rum
178 3121 267 3188 haud
289 3122 368 3186 nulli
390 3123 481 3187 sunt:
506 3147 535 3187 v.
552 3145 582 3187 c.
617 3123 753 3187 Homeri
775 3122 839 3188 od.
856 3125 897 3187 K.
921 3124 1002 3189 2862
1030 3115 1116 3188 Ἀλλ’

88 3222 138 3310 ἀγα
160 3225 189 3304 125
203 3251 237 3289 σε
258 3233 352 3289 κακῶν
372 3225 536 3307 ἐκλύσομαι,
559 3226 602 3303 ἥδε
620 3224 735 3288 σαάσιιι.
773 3222 932 3311 Euripidis
954 3223 1113 3289 Androm.

90 3326 172 3414 819:
203 3327 338 3393 Θαιάτου
358 3352 395 3390 νιν
416 3326 576 3391 ruinam.
613 3324 839 3410 Xenophontis
861 3324 1020 3391 Helleoie.
1035 3326 1113 3392 VII.

91 3446 118 3493 1.
133 3448 192 3517 13:
215 3427 439 3517 ετολιοςκειιύνιις
453 3428 616 3507 ἐξελύσαντο
631 3429 692 3502 τοὺς
705 3426 888 3513 Ἀργάες-.
