2692 4770
256 285 459 347 Aroiinri.
474 287 697 348 inconicii.
715 285 929 365 paoem-r.
1033 293 1110 358 1147

75 444 217 532 ὅμῶμοχ’,
239 454 254 526 ἡ
276 449 304 513 δὲ
322 455 387 536 φρὴν
405 451 554 535 ἀνώμοτος.
592 450 677 518 Illud
698 449 723 531 Ι,
736 454 773 515 rli
792 477 837 516 iiii
851 454 958 536 κεφαλῇ
973 447 1111 514 κατανεύ-

76 573 173 626 corii,
190 550 400 618 Homericum
420 554 463 618 est
480 576 521 619 eii
542 553 636 618 Iliad.
651 554 695 620 A.
708 571 785 640 527.
817 551 1011 618 Harleianus
1032 550 1114 615 liber

78 647 146 728 dat,
160 650 356 735 NaipclAloe,
371 653 436 740 εἴγ’
453 654 492 729 ἔςο
508 654 621 720 δίκαιον.
1166 688 1170 696 ·

122 754 196 819 208.
207 755 250 819 Ι).
265 754 315 839 A]
339 758 422 822 Item
437 759 468 823 in
485 759 725 845 Xenophonteo
739 755 887 844 Agefilao
901 756 980 820 XII.
991 776 1031 837 4:
1049 754 1115 820 sero

77 857 119 922 ad
133 859 287 926 verbum:
312 861 390 925 ὁπότε
409 865 436 926 δὲ
456 864 598 949 ψεγόντων
614 863 630 941 ἢ
645 862 819 928 &minimi
840 866 916 935 τννοὶς
934 858 1039 936 ἀκούοι,
1059 863 1114 944 οὐχ

76 959 149 1038 lilii
167 959 234 1048 ᾤετο
254 966 477 1048 καταμανθάνων
490 976 544 1030 τῶν
558 967 695 1051 λεγόντων
705 964 819 1052 τρόπος,
833 963 848 1042 ἢ
864 965 933 1051 origi
946 960 982 1026 riv
995 961 1113 1047 λόγονιν·

78 1077 213 1150 utraque
235 1068 409 1152 probabilis
430 1068 544 1135 lectio:
567 1069 716 1146 dubium,
740 1084 811 1135 utra
827 1090 908 1133 vera.
939 1066 1115 1132 Geminum

79 1163 156 1230 huic
173 1168 343 1233 Menandri
356 1172 516 1236 monitum
530 1171 635 1259 Τρὸαος
649 1172 696 1236 Ιθ’
712 1170 846 1235 scaldim
863 1176 912 1234 τοῦ
932 1166 1073 1254 λέγοντος,
1086 1169 1116 1231 ii

78 1265 174 1350 λόγος·
197 1267 317 1357 dequo
332 1272 459 1359 egimus
477 1294 512 1359 p.
528 1292 583 1358 33.
600 1276 636 1337 F.

124 1371 198 1435 208.
215 1371 260 1435 D.
283 1370 334 1457 52]
361 1373 463 1459 Atqui
483 1373 651 1461 Agesilaus
664 1395 763 1459 puer,
785 1371 930 1438 nondum
946 1384 1013 1436 erat
1027 1390 1117 1435 orca·

80 1481 134 1534 tua
157 1494 216 1535 nec
239 1472 422 1560 designatus
447 1497 516 1551 rex3
541 1475 692 1565 siquidem
718 1475 833 1562 puerili
857 1472 1022 1560 disciplina
1044 1472 1118 1538 usuc

80 1573 135 1652 cst,
157 1587 194 1637 ut
216 1575 371 1660 privatus,
393 1578 469 1643 reste
493 1577 665 1643 Plutarcho
687 1576 719 1642 in
739 1577 810 1664 ejus
824 1576 902 1642 Vita
923 1597 956 1662 p.
971 1577 1047 1663 596.
1064 1576 1116 1655 D:

80 1694 190 1759 porro,
216 1698 316 1762 quum
342 1677 458 1743 obierit
478 1678 645 1765 octoginta
668 1692 701 1745 et
725 1694 863 1766 quatuor
885 1698 986 1743 annos
1011 1691 1117 1755 natue,

82 1777 262 1863 regnaverit
279 1778 503 1867 quadraginta,
519 1780 634 1845 eodem
654 1780 730 1844 teste
751 1801 785 1866 p.
800 1780 875 1845 618.
892 1781 941 1845 E:
966 1777 1119 1864 sequitur,

80 1899 156 1942 euin
174 1901 284 1965 regem
299 1880 419 1945 saelum
440 1881 501 1946 esse
521 1903 607 1945 anno
628 1880 733 1946 ieratis
747 1879 989 1968 quadragefimo
1009 1879 1119 1969 tertio.

83 1979 244 2064 Equidem
273 1994 398 2066 putem,
428 1983 512 2047 hanc
537 1981 820 2061 narratiunculam,
842 2003 883 2045 ex
912 1978 1004 2046 simili
1032 1979 1119 2046 fado

83 2081 172 2168 quod
187 2081 227 2147 de
242 2084 390 2170 Agesilao
404 2086 501 2150 refert
516 2084 542 2149 is
557 2083 614 2171 qui
634 2084 752 2150 dicitur
775 2082 960 2170 Xenophon
976 2081 1009 2147 in
1024 2081 1121 2170 hujuii

83 2189 283 2256 laudatione
299 2191 344 2255 ΙΙ.
363 2208 399 2276 17
415 2217 423 2257 r
447 2189 538 2283 clarile
559 2190 690 2256 ἂαελθοόν
703 2195 739 2266 εΙς
757 2194 796 2255 τοὶ
807 2189 969 2268 Ὑακίνθια,
984 2187 1037 2253 lte
1052 2188 1120 2253 irri-

80 2295 144 2378 χθη
159 2293 209 2355 iiii
222 2299 261 2356 τῦ
274 2297 436 2380 liupatoni,
450 2296 496 2358 τὸν
510 2299 624 2358 παιᾶνα
640 2297 681 2378 τῷ
697 2297 753 2378 θεῷ
771 2288 962 2356 cummim:
987 2305 1059 2356 tum
1080 2312 1121 2356 ex

85 2392 149 2458 alio
172 2393 339 2459 Damarati
366 2409 400 2459 et
423 2394 632 2483 Leotychidia
653 2393 781 2481 prodito
806 2392 893 2479 apud
916 2392 1122 2459 Herodotum

84 2492 146 2556 VI.
162 2495 215 2576 67.
232 2509 264 2558 et
284 2494 434 2560 similibus
448 2494 582 2560 aliorum
598 2494 631 2558 in
648 2494 737 2559 simili
753 2493 857 2559 caussa
871 2494 1033 2580 responfii‚
1048 2516 1120 2579 que

85 2594 267 2662 notavimus
289 2618 322 2683 p,
338 2616 410 2682 149.
426 2599 469 2661 A.
484 2598 654 2662 conflatam
669 2610 704 2660 et
719 2596 751 2660 in
766 2595 905 2683 Agesilai
919 2617 1037 2660 nomen
1052 2593 1121 2660 col·

85 2696 185 2762 latam
208 2698 281 2762 else.
316 2699 369 2764 Dc
391 2698 492 2762 choro
511 2696 644 2762 solemni
662 2695 860 2781 γυμνοπαιδίας
883 2698 1006 2783 Spartae
1027 2693 1124 2761 multi

87 2799 311 2886 prodiderunt,
332 2824 414 2889 quos
440 2801 580 2865 citarunt
601 2799 830 2887 Wesselingiua
853 2800 895 2866 ad
918 2800 1123 2866 Herodotum

73 2900 552 2985 ,V1.67.erRuhnkeniusad
570 2901 685 2967 ‘limaei
700 2901 798 2968 Gloss.
817 2903 897 2994 Plat.
916 2923 949 2988 p.
966 2917 1019 2989 73.
1050 2901 1122 2967 No·

85 3018 218 3070 menet
242 3027 360 3070 muniis
383 3013 531 3092 χοροποιοῦ
555 3003 777 3070 animadvertit
801 3004 1058 3071 Hemslerhusiua
1080 3003 1123 3069 ad

86 3105 249 3191 Aristoph.
267 3107 351 3170 Plut.
367 3123 442 3192 954.
473 3108 532 3169 Pro
547 3104 653 3188 ἄσημον
668 3104 744 3169 dant
758 3104 877 3187 οἷοομνον
889 3108 966 3172 Jun.
982 3119 1016 3170 et
1032 3103 1125 3170 Harl.
1155 3177 1156 3181 η

131 3208 205 3274 208.
223 3209 261 3271 Ε.
292 3207 345 3292 ζ’.]
381 3206 535 3272 'l'enenda
556 3207 711 3271 comestio
732 3229 772 3271 ex
794 3207 905 3272 codice
928 3207 961 3271 J.
981 3229 1125 3293 quocum
1260 3244 1263 3252 ·

87 3310 248 3376 consentit
264 3310 355 3375 Harl.
370 3313 416 3373 Οὐ
430 3311 546 3383 πάντως
560 3312 608 3391 μοὶ
626 3310 773 3397 σςὸκεοταν
787 3312 845 3396 ζῇν,
860 3310 918 3374 οὐδὲ
937 3310 1039 3375 πάντα
1052 3314 1124 3373 ἀνα·

86 3412 216 3499 δέχομα.
253 3411 363 3476 Simile
377 3411 501 3476 dictum
519 3411 662 3499 Pompeii
676 3411 811 3476 vidimus
826 3412 920 3497 supra
933 3433 966 3498 p.
981 3430 1055 3493 204.
1069 3412 1110 3477 Β.

133 3517 207 3579 208.
221 3517 259 3578 Ε.
282 3513 333 3598 nst]
357 3512 517 3576 ΧολκοοΙκο
534 3535 698 3599 perperam
717 3512 852 3578 Palladis
870 3535 1051 3599 cognomen
1069 3535 1125 3579 ac·

87 3617 176 3702 cepit
198 3615 360 3691 Erasinus,
382 3614 469 3702 quod
487 3615 530 3677 est
549 3614 726 3678 Minerva:
749 3637 845 3701 quam
863 3613 896 3678 in
914 3636 981 3680 rem
996 3615 1128 3682 satiaest

88 3718 227 3785 laudasse
243 3721 300 3782 Mi
303 3718 442 3782 ursium
435 3740 467 3781 in
484 3716 622 3780 Miscell.
638 3719 759 3780 Lacon.
774 3718 801 3780 Ι.
815 3736 849 3801 3.

133 3823 208 3887 208.
226 3823 260 3884 F.
284 3819 338 3906 8.]
364 3818 477 3885 Simile
490 3817 531 3882 de
545 3817 671 3884 Brafida
688 3817 801 3897 fertur,
816 3829 966 3884 notatum
980 3780 1127 3908 nobisp.

161 3924 197 3985 Ε.
224 3942 296 4007 190.
311 3923 349 3985 B.

89 3938 209 4090 79208.
226 4026 261 4089 F.
292 4021 337 4109 i‘.]
370 4021 462 4086 Idem
491 4021 612 4087 fartum
643 4019 825 4107 proditur
816 4044 849 4086 in
878 4020 1128 4110 Apophthegm.

92 4131 175 4215 Reg.
199 4140 234 4190 et
256 4128 342 4192 Duc.
365 4146 399 4212 p.
418 4144 488 4211 191.
510 4126 548 4189 B.
567 4121 606 4206 ζ’.
645 4122 738 4187 Harl.
761 4123 877 4189 datia
862 4128 977 4210 κατὰ
999 4124 1130 4207 Δωδώνην

89 4231 177 4320 δρυὸς,
201 4225 289 4316 quod
311 4225 442 4314 vulgato
465 4247 531 4290 non
555 4222 805 4314 preferendum.
845 4225 965 4307 Verba,
991 4223 1055 4314 irrep
1074 4228 1132 4303 Ιςὶν
