2692 4770
121 427 1123 487 w

133 759 475 858 DANlELlS
518 749 1103 854 WYTTENBACHII

314 1015 928 1105 ANIMADVERSIONES

604 1278 645 1323 m

413 1485 831 1615 PLUTARCHI

236 1766 693 1834 APOPHTHEGMATA
723 1762 1010 1831 LAcoNch.

494 2025 761 2066 *-*-·
927 1952 965 2109 l

104 2216 161 2330 P·
178 2266 252 2339 208.
267 2269 310 2339 A·
340 2268 669 2337 ΑΠΟΦΘΕΓΜΑΤΑ
693 2266 943 2351 ΛΑΚΩΝΙΚΑ.]
980 2266 1055 2331 Hoc
1080 2287 1142 2331 no.

106 2367 193 2432 mine
207 2369 326 2437 citatur
340 2371 371 2436 in
389 2371 525 2437 Macarii
540 2368 808 2458 Chrysocephalae
828 2368 956 2446 Roscio,
970 2367 1064 2454 cujus
1086 2367 1143 2433 ln·

108 2469 212 2536 dicem
230 2473 373 2560 prodidit
393 2473 588 2540 Villoisouus
604 2473 768 2541 Anecdot.
783 2473 890 2536 Graec.
904 2471 943 2535 T.
956 2471 1002 2533 11.
1020 2490 1053 2555 p.
1064 2491 1097 2555 9.
1112 2474 1144 2537 la

105 2580 161 2635 τῶν
188 2577 356 2638 Λακωνικῶν
384 2575 622 2660 ἀποφθεγμάτων.
667 2576 710 2639 Et
737 2574 769 2638 ln
797 2571 958 2659 catalogo
983 2570 1144 2656 Lamprin

105 2673 210 2739 Num.
226 2675 329 2743 CLX.
351 2676 562 2764 ἀποφθέγματα
577 2680 742 2755 Λακωνικαὶ,
764 2666 939 2740 secondum
960 2672 1062 2739 Fulvii
1077 2674 1144 2743 Ur·

108 2775 164 2840 fini
185 2775 325 2859 librum3
348 2802 422 2845 nam
443 2778 581 2866 vulgaris
600 2777 741 2866 quidem,
751 2777 848 2843 1εᾶἱο
870 2776 913 2841 est
932 2773 1146 2860 ἆτοφθίγμαῐα

106 2877 249 2956 Λάκωνος.
286 2881 338 2946 Est
357 2881 501 2967 proselio
517 2880 569 2946 hic
584 2879 713 2947 libellus
727 2902 792 2947 non
808 2878 913 2965 magis
926 2877 1051 2965 spurius
1066 2900 1145 2947 cen·

109 2980 223 3048 sendus
237 3005 334 3070 quam
352 2985 494 3071 proxime
509 2984 731 3066 2anteceden83
754 2983 907 3071 fiquidem
923 2982 1069 3049 eamdem
1086 2981 1146 3047 ha·

107 3084 164 3149 bet
185 3085 343 3153 rationem
361 3101 395 3153 et
415 3088 569 3152 formam:
593 3101 664 3153 tum
679 3087 853 3153 dioiionem
869 3087 1003 3152 omnino
1019 3086 1145 3153 Plutar-

106 3186 239 3252 cheam:
264 3210 360 3276 porro
374 3213 424 3255 res
439 3190 521 3276 ipsas
534 3211 648 3255 eorum
663 3189 820 3277 capitum,
837 3212 910 3276 quae
929 3188 1003 3255 sunt
1021 3189 1062 3253 de
1082 3188 1145 3255 ho·

106 3289 251 3356 minibus
265 3314 403 3378 quorum
417 3292 503 3357 Vitoe
525 3315 544 3357 a
567 3292 738 3359 Plutarcho
758 3291 881 3379 scripto
900 3291 1032 3369 exstant,
1048 3288 1147 3359 veluti

107 3393 258 3481 Agefilai,
277 3395 429 3483 Lycurgi,
446 3394 609 3484 Lysandri,
620 3394 747 3484 Agidis,
762 3394 924 3461 desumto
938 3394 1003 3460 fere
1019 3392 1061 3459 ad
1075 3416 1145 3459 ver·

107 3494 187 3560 bum
210 3518 249 3561 ex
264 3496 380 3562 horum
404 3497 498 3562 Vitis.
535 3499 618 3586 Qum
633 3496 711 3563 item
731 3495 764 3563 in
778 3495 937 3582 superiore
952 3494 1036 3563 libro
1050 3494 1147 3565 ineffe

109 3598 258 3666 vidimus.
297 3601 448 3688 Cumque
466 3601 656 3671 Plutarchus
673 3601 814 3669 universe
832 3599 864 3667 in
885 3599 1148 3688 apophthegma-

109 3700 197 3768 tibus
222 3703 413 3792 colligendis
439 3717 473 3769 et
498 3702 803 3781 commemorandis,
825 3701 913 3771 haud
933 3715 1147 3769 contemnen-
1224 3752 1226 3757 -

109 3801 185 3869 dam
199 3806 374 3872 utilitatem
389 3806 581 3893 laudemque
596 3805 755 3894 posuerim
777 3804 912 3876 minime
925 3804 1077 3875 c'rodibile
1091 3805 1147 3884 est,

109 3927 186 3971 eum
212 3930 277 3972 non
304 3907 452 3981 eamdem
480 3908 635 3977 rationem
666 3907 807 3981 habuisse
832 3907 1147 3996 apophthegmatum

110 4008 367 4091 Laconicorum3
391 4011 510 4098 quippe
532 4034 604 4099 quae
627 4011 874 4081 dofflffinorum
896 4011 1067 4081 hominum
1089 4013 1148 4101 ju·

109 4107 196 4177 dicio
215 4111 409 4198 praecipuam
424 4127 459 4178 et
471 4112 620 4199 fimpliois
636 4112 777 4187 veritatis
791 4126 826 4183 et
839 4113 1025 4183 acutiffimae
1043 4113 1147 4183 brevi·

109 4212 186 4287 tatis
200 4214 264 4281 vim
280 4214 447 4298 haberent,
464 4237 567 4305 eaque
583 4215 816 4291 existimatione
830 4215 929 4306 vidgo
948 4215 1149 4289 celebram-
