2692 4770
264 294 938 407 macsrnsoournonnu.p.1n.s.
1059 326 1117 402 eye

82 488 237 578 fignificat
259 483 479 583 Hieronymus
497 493 581 559 aar.
601 492 803 560 savinianum
824 495 853 557 1.
875 514 908 580 p.
928 493 992 578 38:
1014 493 1054 558 T.
1069 493 1115 580 II.

80 592 144 657 Ed.
163 592 310 661 Francos.
335 596 521 685 Scripseram
537 595 721 682 Aristoteles,
738 601 766 659 ei
779 591 972 676 Plutarchus,
986 606 1014 660 et
1027 593 1120 681 nister

82 692 195 758 Seneca
202 697 246 760 »de
258 697 454 762 Matrimonio
468 697 576 763 libros}
597 703 634 761 eir
648 697 754 786 quibus
767 709 797 761 et
802 698 960 785 superiora
973 695 1119 763 norwilo

69 794 164 880 fiairi,
187 806 217 859 et
235 794 292 881 'ista
304 821 372 884 quae
382 799 578 882 subjicimus:
598 809 635 862 et
652 809 762 863 'narrat
776 797 922 884 quaedam
939 797 1050 864 itidem
1064 797 1119 864 hic

82 893 179 961 ledia.
220 898 293 962 Fuit
313 913 423 965 autem
444 901 512 987 eripi
533 899 617 986 γάμυ
640 899 732 965 locus
755 899 787 962 in
811 898 1011 988 philosophia
1032 899 1122 967 haud

82 998 351 1065 contemnendus.
388 1002 432 1066 Et
445 1001 608 1089 Xenophon
621 1016 698 1066 eum
718 999 862 1065 trasiavit
875 999 906 1066 in
920 1000 1119 1068 OEconomi-

82 1114 136 1164 00.-
169 1101 213 1164 Et
232 1100 401 1187 Arssoteles
423 1105 457 1168 in
477 1103 566 1170 libris
588 1103 629 1170 de
648 1103 868 1183 OEeonomia3
893 1101 1046 1190 siquidem
1059 1102 1121 1169 ho!

81 1197 183 1265 libros
198 1201 355 1290 significat
376 1205 595 1294 Hieronymus
619 1205 693 1271 loco
708 1204 812 1286 dicito,
837 1217 871 1270 et
891 1203 999 1292 ipsum
1020 1226 1120 1292 argu·

81 1319 232 1372 mentum
255 1307 338 1374 hanc
364 1323 487 1396 partem
508 1309 707 1396 postulabat3
731 1319 769 1374 ut
790 1304 975 1374 Leonardus
993 1307 1120 1373 Arreti·

82 1431 158 1490 nus,
178 1410 307 1477 illorum
324 1412 479 1478 librorum
494 1412 628 1478 [atinus
647 1413 815 1499 interpres,
829 1408 1015 1499 bdjieiendis
1029 1408 1120 1498 capi-
1183 1454 1185 1460 ι

82 1511 172 1577 tibus
191 1515 228 1579 de
246 1514 340 1601 officio
354 1516 456 1581 mariti
477 1527 505 1580 et
525 1516 636 1596 arno,
655 1514 741 1600 haud
759 1526 881 1580 temere
899 1512 1122 1584 auctoritatem

84 1611 135 1677 rel
149 1614 270 1680 codicis
280 1617 400 1697 Graeci,
416 1617 464 1682 vel
479 1617 620 1705 antiquae
635 1615 814 1682 traditionis
826 1616 953 1682 secutus
967 1613 1121 1684 videatm.

85 1712 289 1804 Theophrasti,
304 1717 411 1782 scribit
424 1719 646 1807 Hieronymus
659 1718 744 1784 Adv.
755 1715 958 1785 Jovinianum
974 1717 1003 1781 I.
1021 1738 1056 1804 p.
1066 1716 1122 1804 3'6.
1220 1702 1226 1711 ’

84 1815 133 1880 Η.
143 1816 253 1903 fertio
267 1820 401 1884 aureolus
416 1819 490 1884 liber
504 1821 541 1884 de
552 1820 676 1908 nuptiis,
695 1820 728 1884 in
746 1842 802 1908 quo
816 1818 926 1906 querit
940 1841 981 1881 an
999 1817 1052 1882 vir
1061 1820 1123 1905 sa·

78 1917 168 2004 pierre
193 1921 284 1984 ducat
309 1944 429 1986 uxorem
436 1948 446 2002 ς
476 1920 616 2008 indeque
639 1918 876 2008 elegantiffimae
901 1918 1124 2005 disputationis

83 2016 173 2083 baud
187 2020 336 2110 exiguam
355 2037 478 2109 partem
495 2022 609 2087 Latine
624 2023 740 2087 versam
755 2020 904 2109 apponit:
929 2033 1026 2108 atque
1039 2022 1123 2088 veri·
1263 2042 1265 2046 ⁴

82 2118 184 2185 simile
206 2123 249 2186 est
271 2145 310 2188 ex
330 2122 393 2189 hoc
413 2123 495 2188 libro
512 2123 613 2210 petita
626 2123 687 2188 esse
706 2122 793 2209 dicia
809 2121 1019 2209 Theophrasti
1034 2121 1123 2209 apud

83 2222 252 2288 Stobaeum
281 2246 315 2312 p.
334 2244 411 2306 441.
436 2238 469 2290 et
491 2227 568 2312 483.
594 2223 680 2312 quod
704 2224 832 2290 monuit
855 2223 934 2289 item
959 2222 1124 2303 Fabricius

82 2322 172 2389 Bibl.
188 2327 247 2391 Gr.
262 2324 340 2390 Vol.
357 2328 401 2390 H.
415 2347 449 2413 p.
467 2329 541 2407 246.
574 2327 612 2390 In
628 2326 741 2392 eodem
757 2339 948 2414 argumento
962 2325 1124 2404 versantur

84 2425 207 2492 Stobaei
230 2425 411 2513 complures
432 2426 533 2494 Tituli
547 2413 651 2494 LXV.
667 2429 765 2515 usque
786 2425 827 2491 ad
851 2428 1014 2492 LXXIV:
1038 2447 1122 2514 quo·

85 2547 160 2591 rum
182 2529 287 2593 LXX.
311 2529 373 2593 hoc
397 2529 464 2616 ipso
491 2529 633 2608 nomine,
651 2533 680 2591 Γ
679 2533 770 2611 apisci
790 2526 1050 2616 Παραγγέλματα,
1070 2528 1122 2593 in-

26 2676 32 2687 .
84 2627 223 2714 scriptus
237 2629 291 2711 est,
306 2643 339 2695 et
353 2630 470 2694 multas
486 2629 585 2694 habet
595 2629 762 2694 'Plutarchi
784 2649 823 2693 ex
844 2629 908 2692 hoc
930 2627 1037 2694 libello
1051 2630 1122 2697 sen·

84 2729 225 2795 tentiae:
249 2731 419 2796 nonnullas
441 2732 537 2795 etiam
560 2731 659 2795 habet
678 2729 806 2795 'litulus
819 2730 1010 2794 LXXXIII.
1032 2733 1122 2796 Οἰκο-

85 2833 207 2912 νομικὸς,
220 2833 313 2920 cujus
327 2846 553 2920 argumentum
574 2854 608 2896 re
627 2832 692 2918 ipsa
709 2844 743 2895 et
762 2852 881 2918 genere
898 2852 972 2895 cum
983 2834 1123 2915 Ταμικοῖς

85 2932 328 3020 Παραγγέλμασι
351 2933 638 3021 eonjunbiiffimum
652 2934 706 2997 est.
743 2932 805 2997 His
818 2931 918 3020 igitur
931 2932 1051 3000 Stobaei
1065 2932 1122 3000 Ti-

86 3033 165 3098 tulis
188 3057 253 3099 non
273 3035 374 3100 solum
394 3036 503 3100 breves
521 3048 555 3100 et
577 3033 709 3099 illustres
731 3034 852 3098 exstant
872 3034 1049 3117 sententiae,
1070 3035 1125 3102 sed

85 3135 187 3199 etiam
216 3137 377 3201 uberiores
403 3136 633 3224 disputationes
659 3136 708 3201 vel
729 3134 981 3223 disputationum
1004 3152 1122 3224 partes,

86 3237 185 3323 plane
200 3239 350 3327 egregie,
365 3238 464 3304 veluti
485 3240 655 3327 Antipatri,
677 3238 836 3319 Hieroclis,
855 3237 1025 3325 Monstrati,
1044 3240 1123 3305 Mu·

73 3338 174 3426 jonii,
191 3339 310 3419 Dionis,
324 3340 461 3422 Phintyis
475 3353 508 3404 et
521 3340 710 3418 Perieiionae,
725 3339 1021 3427 Pythagoricorum,
1034 3339 1125 3404 Jam-

86 3439 200 3504 blicbi:
223 3440 316 3528 cujus
336 3441 379 3505 est
400 3439 478 3504 item
501 3440 535 3503 in
557 3439 634 3504 Vita
657 3438 847 3527 Pythagoreo
869 3439 901 3522 ξ.
916 3439 1055 3526 48-59.
1071 3438 1123 3504 lu·

87 3543 240 3609 culentus
253 3565 292 3606 ex
307 3542 459 3628 Antiquis
473 3555 640 3628 excerptus
654 3540 756 3607 Iocus.

133 3668 167 3733 p.
181 3649 253 3733 138.
265 3649 304 3711 B.
326 3650 415 3711 —air
429 3647 543 3735 πάτριον
556 3648 672 3729 θεσμὸν,
686 3643 715 3708 is
729 3650 791 3728 ὑμῖν
803 3652 819 3722 ἡ
833 3650 880 3721 τῆς
895 3644 1031 3734 Δῆμηῖςος
1045 3643 1127 3736 sipon

87 3747 317 3834 συνειργνυμένοις
339 3747 499 3834 ἐφήρμοσεν]
525 3744 634 3834 Hujus
648 3745 728 3809 ritus
743 3766 807 3809 non
822 3743 894 3808 satis
907 3744 1069 3833 explorata
1083 3746 1128 3812 est

88 3849 184 3914 ratio.
231 3848 389 3913 Convenit
401 3848 531 3935 quidem
544 3849 648 3931 θεσμὸς
664 3846 784 3927 Cereri,
803 3859 841 3910 ut
855 3845 1028 3935 θεσμοφόρφ,
1049 3847 1126 3936 Isgi-

75 3950 189 4039 serae:
219 3949 271 4015 sed
293 3948 441 4014 convenit
463 3970 592 4036 quoque
614 3948 681 4013 aliis
703 3961 738 4013 et
758 3946 944 4014 numinibus
965 3961 1000 4013 et
1020 3949 1126 4014 rebus.

91 4050 203 4133 Porro,
229 4073 288 4116 nec
311 4053 460 4117 Cererem
484 4052 667 4137 nuptiarum
689 4048 940 4135 presidem-nec
958 4049 1027 4138 ejus
1040 4049 1126 4118 anti·

90 4153 195 4220 stitarn
210 4152 337 4220 illarum
354 4155 446 4219 saeris
461 4169 517 4219 aut
530 4152 686 4241 prae'suisse
697 4165 753 4217 aut
766 4149 942 4219 adhibitam
956 4151 1045 4219 fuisse
1058 4166 1127 4220 tra·

94 4255 199 4322 ditum
222 4258 380 4324 novimus.
411 4255 498 4323 Haee
516 4256 569 4322 est
592 4253 708 4342 triplex
733 4253 830 4344 hujtu
857 4253 923 4323 Ioci
945 4252 1127 4325 difficstitas.
