2692 4770
225 344 304 417 109⁶
412 329 1069 408 D.W.AN1MADV.1NPLUTARcrii

160 577 166 597 .
222 505 370 587 Τιμόθεος,
385 511 592 593 ἐπιδεικνυμένου
605 514 679 576 ποτὶ
691 518 747 586 τοῖς
759 510 913 588 Ἀθηναίοις
931 519 979 575 τοῦ
997 509 1125 595 Χάρητος
1138 505 1265 581 ὠτειλάς

222 620 301 679 Μαί
316 611 341 669 iv
355 612 394 693 τῷ
408 608 518 690 σάματι
533 609 579 687 κα)
591 616 638 689 τὴν
657 613 763 676 ἀσπίδα
785 611 1008 693 ὃιακεκομμένην,
1021 609 1103 693 Ἐγὼ
1114 610 1156 686 δὲ,
1169 607 1260 685 alm,

226 705 291 768 λίαν
308 709 431 792 ᾐχύνθην
447 709 487 773 ὅτι
505 737 547 793 μοι
567 721 778 800 πολιορκοῦντος
788 713 900 795 Σάμον,
914 715 1000 796 ἐγγὺς
1014 711 1093 774 ἔτεσι
1109 707 1207 787 βέλος,
1222 708 1260 781 ὥς

225 792 461 897 μαςακιοιδέςεμον
482 818 592 899 ἐμαυτῷ
611 815 751 900 χρώμενος
775 814 886 892 laurei
907 817 1044 900 ςματηγόν
1063 811 1109 890 καὶ
1131 809 1259 895 ἡγιμάνα

226 908 361 990 δυνάμεως
378 914 524 992 τοσαύτης.
561 915 750 981 Timotheus
773 917 903 979 Samum
924 916 1010 1001 cepit
1024 914 1199 989 obfidione‚
1215 911 1258 975 de

225 1029 290 1094 qua
311 1013 414 1100 magis
435 1037 475 1079 ex
499 1016 567 1079 aliis
588 1039 684 1102 quam
707 1016 871 1095 historicis,
898 1040 956 1081 nec
979 1032 1086 1080 tamen
1112 1029 1257 1100 tempus,

225 1113 356 1179 constat.
394 1117 596 1183 Mentionem
612 1119 727 1183 faciam
744 1119 916 1203 reperimus
932 1141 951 1181 a
965 1116 1181 1180 Demosthene
1196 1115 1255 1179 Or.

225 1216 277 1279 De
298 1217 403 1282 Rhod.
422 1219 543 1284 Libert.
569 1242 603 1306 p.
623 1241 693 1302 144.
708 1224 747 1284 E.
770 1222 833 1305 seq.
865 1219 1032 1282 Aristotele
1058 1219 1182 1282 OEcon.
1209 1216 1255 1279 ll.

225 1331 278 1399 23.
316 1316 465 1403 Polyaeno
488 1321 550 1408 lll.
575 1341 673 1405 10.9.
692 1340 742 1383 10.
777 1317 1088 1384 Pseudo-Plutarcho
1111 1319 1163 1380 De
1184 1315 1255 1380 Vrt.

223 1419 267 1483 X.
287 1419 415 1484 Orator.
437 1419 469 1482 in
493 1421 629 1484 Isocrate
651 1442 683 1506 p.
705 1421 778 1504 837.
796 1420 843 1483 C:
867 1420 967 1483 Corn.
991 1420 1123 1503 Nepote
1146 1417 1178 1479 in
1196 1416 1255 1481 'll-

223 1521 356 1584 motheo
379 1522 407 1584 l.
425 1540 455 1587 2.
471 1541 504 1606 3.
526 1522 582 1585 ubi
598 1521 653 1606 qui
672 1534 868 1585 memoratur
891 1519 1114 1583 Ariobarzanes
1134 1519 1189 1582 ille
1211 1517 1256 1580 est

223 1619 276 1686 cui
291 1644 310 1684 a
325 1623 485 1687 Persarum
502 1645 577 1709 rege
592 1621 763 1700 deficienti,
778 1622 968 1687 Timotheus
985 1641 1080 1705 opem
1101 1618 1178 1684 tulit
1198 1640 1257 1705 per

222 1741 357 1806 eamque
371 1722 564 1786 oocafionem
581 1724 711 1786 Samum
733 1744 751 1786 a
772 1721 890 1785 Perfico
904 1718 1044 1806 praefidio
1059 1733 1256 1804 occupatam

153 1810 161 1823 ’
222 1823 428 1909 expugnavit.
473 1823 590 1887 Incidit
618 1824 717 1910 igitur
743 1838 873 1908 tempus
900 1821 1025 1885 circiter
1054 1821 1086 1885 in
1115 1821 1254 1907 Olymp.

221 1923 311 1989 CIV.
326 1944 369 2010 3ς
392 1940 430 1989 ut
451 1925 615 2012 colligitur
635 1948 673 1990 ex
695 1926 932 2011 comparatione
947 1922 1166 1988 narrationum
1182 1925 1255 1988 De·

221 2025 392 2091 mosthenis
407 2026 429 2090 l.
443 2049 472 2090 c.
488 2043 522 2091 et
537 2027 672 2092 Diodori
687 2028 751 2091 Sic.
768 2030 841 2092 XV.
856 2047 908 2112 90.

223 2132 229 2161 s
266 2126 338 2207 187.
354 2125 395 2188 C.
417 2123 473 2210 γ’.]
502 2126 688 2193 Plutarchus
710 2128 761 2191 De
775 2129 854 2212 Rep.
868 2126 945 2191 Seni
962 2129 1038 2190 Ger.
1056 2146 1089 2210 p.
1105 2125 1182 2208 788.
1199 2125 1257 2189 D:

219 2231 245 2288 ol
257 2227 363 2310 ῥήτορος
375 2228 507 2313 Ἀθήνῃσι
520 2229 648 2313 Τιμοθέῳ
667 2227 713 2307 καὶ
728 2229 874 2315 Ἰφικράτει
894 2229 1013 2316 Χάρητα
1029 2231 1074 2290 τὸν
1095 2227 1262 2314 Θεοχάμυς

220 2329 410 2404 ὶιιαποδύοντες
433 2331 595 2413 ἀκμάζοντα
614 2337 655 2417 τῷ
676 2333 788 2413 σάματι
809 2332 855 2410 καὶ
876 2332 1029 2418 ροομάλεον,
1051 2328 1126 2408 ἧέἷιιν
1143 2336 1259 2393 τοιῖιτον

220 2427 285 2508 εἶναι
297 2433 344 2493 τὸν
356 2440 410 2494 τῶν
424 2432 577 2510 Ἀθηναίων
595 2433 742 2516 ςματηγάν
767 2438 779 2495 ὁ
794 2435 821 2496 δὲ
835 2433 979 2513 Τιμόθεος,
994 2436 1038 2495 Ου’
1052 2438 1094 2514 μοὶ
1106 2432 1158 2506 τὰς
1172 2431 1257 2512 θοάς,

220 2531 302 2611 εἶπεν,
325 2537 404 2596 ἀλλὰ
425 2536 532 2597 τοιῦτον
548 2535 598 2615 μὲν
617 2535 681 2613 εἶναι
698 2537 744 2597 τὸν
757 2534 898 2615 μέλλοντα
917 2541 957 2618 τῷ
978 2537 1110 2620 ςςατηγῷ
1123 2535 1258 2621 τοὶς-μά-

219 2660 299 2714 ματα
314 2635 442 2716 κομίζειν·
465 2637 512 2697 τὸν
529 2637 555 2697 δὲ
578 2638 716 2720 ςματηγὸν
737 2636 798 2715 ἅμα
816 2635 916 2719 οτμόοοι
932 2634 977 2712 κα)
992 2635 1077 2696 laica
1095 2642 1149 2696 τῶν
1167 2662 1258 2719 arpa-

219 2736 338 2818 γμάτων
359 2743 472 2820 ὁρῶντα,
490 2736 535 2813 κα)
549 2739 637 2817 μηδενὶ
652 2738 741 2799 maile
755 2738 816 2809 τοὺς
833 2738 900 2820 τιεμὶ
920 2745 974 2798 τῶν
994 2735 1184 2821 συμφερόντων
1202 2751 1258 2799 λο-

219 2837 337 2918 γισμοὺς
360 2837 611 2921 ἐπιταραττόμενοι·
642 2858 712 2922 quae
736 2836 810 2899 hinc
836 2837 938 2898 sumta
967 2834 1075 2899 retulit
1103 2837 1261 2901 Stobaeus

221 2937 328 3002 Floril.
350 2938 416 3000 Tit.
432 2940 506 3001 LlI.
526 2961 559 3023 p.
574 2941 650 3022 365.
678 2938 832 3023 postrema
857 2951 964 3000 tamen
989 2950 1091 3023 parte,
1114 2937 1191 3000 inde
1215 2941 1261 3003 ab

217 3039 304 3101 ἂτίσοι
318 3039 437 3102 omissa.
1030 3044 1036 3049 ¹

265 3143 336 3223 187.
354 3140 395 3205 C.
425 3144 613 3207 xasspiotr.
638 3139 691 3224 α’.]
728 3140 843 3204 Sumsit
867 3139 942 3202 hinc
968 3141 1113 3202 Stobaeus
1143 3139 1260 3205 Floril.

218 3241 283 3306 Tit.
300 3243 373 3305 Lll.
398 3262 431 3325 p.
447 3244 530 3325 366:
563 3239 690 3326 Χαάμῖας
712 3241 792 3326 ἔλεγε
807 3242 933 3313 κάλλιςα
953 3248 1097 3325 ςματηγεῖν
1115 3243 1177 3313 τοὺς
1191 3244 1258 3323 μά-

219 3360 287 3418 λιςα
302 3345 488 3430 γινώσκοντας
502 3350 539 3407 τοὶ
553 3354 606 3407 τῶν
619 3345 774 3425 πολεμίων.

266 3449 337 3531 187.
354 3448 397 3509 D.
420 3444 475 3532 8.]
504 3445 675 3508 Chabriam
696 3445 809 3530 capitis
831 3445 1013 3508 accusatum
1030 3443 1060 3506 in
1082 3444 1185 3505 cautla
1204 3447 1258 3510 O.

221 3547 303 3631 topi,
328 3547 464 3632 legimus
490 3547 521 3607 in
545 3547 766 3609 Demosthenis
786 3545 930 3607 Midiana
953 3567 983 3629 p.
1002 3546 1076 3628 613.
1092 3545 1145 3606 D:
1176 3568 1257 3630 quae

221 3645 324 3708 cauffa
338 3645 449 3707 eadem
465 3644 553 3707 fuille
564 3645 687 3707 videtur
702 3645 766 3721 illa,
782 3645 813 3706 iu
830 3667 892 3729 qua
908 3645 1119 3708 Callistratum
1136 3644 1258 3711 dicen·

221 3761 287 3810 tem
303 3744 423 3807 audivit
437 3767 517 3830 puer
530 3746 775 3808 Demolllrcnes:
799 3760 835 3808 ut
851 3746 940 3807 senfit
955 3747 1110 3808 Bartonus
1127 3745 1159 3807 in
1175 3748 1257 3810 No-

219 3845 261 3909 tis
283 3844 322 3906 ad
347 3843 507 3907 Plutarchi
528 3844 639 3908 Vitam
661 3844 882 3907 Demosthenis
904 3866 935 3928 p.
955 3847 1025 3907 182.
1049 3857 1080 3907 et
1099 3845 1257 3929 Spaldin-

217 3945 291 4033 gius
313 3944 345 4006 in
369 3943 515 4029 fingulari
537 3945 678 4007 editione
701 3943 861 4007 Orationis
884 3945 967 4006 illius
992 3945 1257 4013 Demosthenicae

220 4070 253 4132 p.
268 4066 321 4130 34.
345 4045 543 4109 dillcntiente
557 4046 705 4132 Tayloro.
742 4046 788 4108 At
805 4044 944 4131 ejulilem
964 4046 1103 4108 criminis
1126 4048 1256 4114 socium

220 4147 369 4210 Chabriae
394 4146 481 4209 fuille
506 4147 710 4231 Iphicratem‚
731 4145 836 4232 legere
861 4168 918 4208 nos
942 4169 1006 4209 non
1030 4147 1255 4214 meminimus.

219 4247 327 4333 potuit
343 4248 440 4312 etiam
464 4249 586 4312 fierint
607 4248 660 4312 hic
682 4248 771 4313 locus
794 4270 958 4333 perperam
978 4270 1017 4311 ex
1035 4250 1269 4318 antecedente·
