2692 4770
192 330 271 388 110⁸
378 323 420 395 D.
430 323 484 389 W.
502 322 713 387 ANIMADV.
733 324 783 387 IN
802 319 1036 387 Puu'rnucrn

191 500 227 553 et
240 486 453 575 repugnantia
466 512 531 555 non
545 487 654 555 minus
667 487 814 569 historic,
827 510 926 577 quum
939 484 1036 555 nexui
1050 480 1242 561 sentcntiae

191 589 259 655 Dio
282 590 396 679 Chrys.
412 592 504 658 Orat.
520 594 697 661 XXXVII.
720 615 754 680 p.
768 594 846 675 466.
860 593 908 659 B:
937 592 1028 669 credi
1046 587 1075 652 di
1096 612 1148 671 μοι
1166 590 1239 653 in·

192 692 312 771 λῆλυθεν
330 692 505 779 Ἀγησίλαον
525 695 573 761 τὸν
591 694 718 776 βασιλέα
737 703 793 760 τῶν
812 692 1035 778 Λακνδανμννίννν
1051 696 1103 770 τῆς
1118 688 1240 777 γήμῃς

191 794 361 883 μακαρίσω·
395 794 450 872 ὅςνς
476 796 572 862 οὔποτε
599 797 712 877 ἠξίωσεν
739 796 800 862 οὔτε
823 802 946 871 amab
975 794 1088 883 (vulgo
1111 792 1241 881 legitur

191 898 321 979 πλαςὸν)
345 895 407 963 οὔτε
426 904 554 981 μιμηλὰν
572 907 622 964 τοῦ
639 899 769 983 σώματος
787 899 966 978 σονήσαθαν.
1001 894 1130 976 81111122,
1149 894 1240 975 Min

190 1004 326 1080 πλαςᾶν,
349 1001 421 1084 μήτε
445 1001 583 1085 μιμηλάν.
622 1003 700 1067 'Arri
723 1009 773 1067 τοῦ
796 1002 867 1084 pire
889 1002 1008 1080 πλιςήν
1030 998 1136 1079 εἰκόνα,
1161 997 1238 1083 prin

190 1103 321 1189 γραπΊῆν.
356 1103 453 1170 Unde
472 1104 506 1171 in
522 1105 688 1171 Proverbia
702 1104 814 1171 retulit
833 1103 990 1170 Schottus
1004 1102 1084 1167 XII.
1101 1118 1158 1169 12.
1172 1122 1237 1167 uu·

192 1202 375 1272 &critatem
392 1206 484 1273 fimul
497 1229 684 1294 apponens:
706 1222 742 1273 et
754 1205 920 1273 annotavit
930 1203 1076 1292 Toupius
1090 1200 1239 1269 Emeud.

191 1305 283 1371 Suid.
300 1309 344 1372 II.
367 1331 400 1396 p.
413 1323 491 1396 405.
509 1308 588 1375 edit.
604 1309 782 1396 postremae.
815 1307 921 1395 Igitur
943 1306 1056 1373 frustm
1078 1304 1155 1373 sunt
1177 1326 1239 1371 vu·

192 1407 249 1474 riae
272 1409 427 1477 leciiones
450 1412 484 1477 in
506 1411 682 1479 hocloco:
706 1432 781 1476 nam
796 1432 856 1497 pro
869 1413 991 1483 πλαςὰν
1013 1407 1094 1473 dunt
1106 1407 1241 1473 πλίνθων

191 1509 270 1576 Ald.
285 1512 358 1577 Bas.
372 1516 404 1580 J.
415 1514 504 1582 Voss.
519 1528 553 1581 et
570 1513 605 1581 in
624 1511 799 1601 Apophth.
814 1515 891 1577 Lac.
905 1512 975 1598 post
992 1514 1120 1595 μιμηλὰν
1132 1509 1240 1577 habet

189 1616 268 1681 Jun.
282 1619 413 1702 ςραπῖἂν,
432 1617 526 1682 Harl.
547 1617 619 1701 pain
639 1618 773 1705 γραπῑὰν,
787 1613 876 1703 quod
896 1615 942 1681 est
960 1613 1238 1703 interpretamen-

191 1728 275 1783 tum.

234 1839 308 1908 191.
324 1821 371 1887 D.
401 1825 648 1889 APXIAAMOI'
668 1827 753 1889 '10'1'
773 1817 1048 1902 marcu]
1077 1816 1146 1883 Hic
1170 1838 1238 1883 nu·

189 1936 334 1990 nicrutur
346 1924 380 1990 iu
395 1926 537 2014 Regibus
553 1928 677 2014 Spartae
690 1924 909 1992 Archidamus
924 1923 987 1989 III.
1002 1933 1038 1987 ct
1054 1919 1089 1986 iu
1103 1919 1240 1987 historia

188 2024 318 2091 illorum
338 2037 522 2113 temporum
544 2051 620 2094 cum
640 2027 712 2093 aliis
734 2028 817 2092 benc
838 2024 931 2093 suffic
948 2023 1143 2100 celebratur,
1159 2034 1240 2089 tum

187 2126 277 2215 quod
304 2126 457 2194 Isocrates
479 2128 537 2194 sub
557 2128 628 2217 ejus
654 2127 786 2193 nomine
807 2126 988 2193 orationem
1013 2123 1239 2195 Archidamum

188 2228 319 2316 scripsit.
356 2229 433 2295 Alia
452 2229 550 2296 etium
572 2232 809 2319 cognoscantur
825 2252 865 2297 ex
881 2229 1027 2296 Meurfic
1044 2229 1099 2295 Dc
1116 2228 1240 2319 Regno

188 2331 310 2397 lacon.
325 2331 420 2396 XIX.
434 2352 469 2419 p.
485 2332 538 2414 84.
555 2332 620 2420 seq.

235 2452 308 2518 191.
324 2432 369 2497 D.
392 2432 623 2519 Ἀρχίδαμος-]
655 2430 771 2498 Iisdem
785 2430 888 2498 verbis
907 2431 941 2496 in
959 2429 1135 2518 Apophth.
1149 2432 1240 2503 Luc.

189 2556 223 2621 p.
241 2554 315 2621 219.
330 2536 382 2601 A:
406 2533 567 2621 descripfit
580 2536 729 2601 Stobaeus
751 2534 860 2600 Floril.
873 2535 940 2601 Tit.
955 2535 1079 2599 XLIX.
1102 2554 1137 2618 p.
1152 2551 1238 2621 353.

189 2637 301 2704 omisso
314 2637 471 2704 vocabulo
485 2637 702 2703 καταπελτνκὸν.

234 2760 307 2826 191.
322 2743 361 2805 Ε.
383 2739 539 2809 Amo}
559 2746 645 2805 ΤΟΥ
664 2740 914 2825 Naurum]
939 2739 992 2803 Est
1010 2736 1065 2802 hic
1084 2736 1170 2825 Agis
1187 2740 1241 2805 II.

187 2841 378 2907 Archidami
403 2843 466 2907 III.
488 2843 584 2921 filius,
609 2841 748 2930 Agesilai
770 2863 892 2928 nepos:
924 2840 965 2905 de
984 2863 1050 2926 quo
1069 2841 1242 2907 Meurfiue

187 2944 241 3008 Dc
263 2945 368 3029 Regn.
384 2943 503 3008 Laced.
519 2946 615 3011 XIX.
635 2966 668 3029 p.
685 2946 739 3010 86.
772 2944 952 3010 Larcherus
975 2942 1134 3008 Chroncl.
1158 2943 1240 3009 He·

188 3045 295 3111 rodot.
315 3046 355 3110 Τ.
369 3045 448 3111 VII.
465 3066 499 3132 p.
513 3065 590 3132 491.
606 3060 684 3132 509.

232 3168 305 3235 191.
323 3150 359 3213 E.
381 3146 436 3233 a'.]
461 3148 636 3236 Apophth.
655 3151 736 3214 luc.
756 3170 790 3235 p.
809 3150 882 3215 216.
904 3147 946 3214 C.
986 3147 1065 3213 Vita
1085 3148 1240 3239 Lycurgi

186 3273 221 3338 p.
235 3268 290 3336 51.
306 3252 345 3315 E.
367 3272 433 3337 quo
447 3250 520 3315 loco
534 3272 593 3337 pro
607 3249 688 3334 μόλις
701 3248 770 3315 vult
783 3247 890 3335 legere
911 3248 1043 3331 μᾶκνστα
1059 3248 1240 3336 Bryanus:

187 3375 383 3441 quamquam
398 3352 574 3417 sufficiebat
588 3354 713 3437 μάλνςα,
728 3365 766 3416 ut
779 3350 845 3416 hic.

234 3476 307 3544 191.
322 3459 362 3521 E.
384 3454 439 3541 β’.]
465 3453 567 3542 Agidi
587 3457 614 3519 Ι.
638 3453 790 3519 tribuitur
809 3452 842 3517 in
860 3451 1034 3541 Apophth.
1047 3454 1171 3517 Incon.
1197 3475 1243 3542 p.

189 3560 264 3624 216.
282 3557 323 3623 C.
361 3559 399 3622 In
414 3557 492 3624 Vita
506 3556 651 3645 Lycurgi
667 3557 730 3620 fine
752 3555 936 3621 nominibus
958 3555 1100 3642 ponitur,
1124 3576 1158 3641 p.
1173 3574 1240 3640 51.

187 3663 224 3726 F.
257 3661 310 3726 Dc
327 3659 474 3723 brevitate
484 3658 657 3745 gladiorum
673 3658 747 3722 sunt
761 3657 823 3721 alia
837 3657 934 3738 dicta,
950 3680 985 3745 p.
1001 3674 1075 3741 217.
1089 3660 1128 3722 E.
1154 3676 1240 3741 241.

188 3766 224 3829 F.
259 3764 305 3827 N.
320 3760 459 3847 Cragius
474 3764 554 3848 Rep.
570 3763 609 3824 L.
627 3761 685 3827 IV.
700 3781 733 3846 3.
756 3781 789 3848 p.
804 3779 881 3846 392.

233 3885 306 3952 191.
319 3865 359 3930 Ε.
382 3861 704 3947 ΚΛΕΟΜΕΝΟῪΣ]
732 3862 769 3925 In
785 3862 1036 3950 Apophthegm.
1052 3863 1175 3927 Lacon.
1198 3887 1241 3952 p.

186 3986 262 4050 224.
277 3968 316 4032 Β.
339 3966 438 4032 exstat
459 3964 517 4030 sub
539 3963 670 4029 nomine
692 3965 853 4045 Κλωμέννς
874 3971 922 4028 τοῦ
944 3963 1142 4050 Κλεομέςότν.
1190 3967 1241 4037 ln

185 4070 361 4135 Harlciano
389 4066 502 4132 codice
527 4066 713 4153 responsum
738 4065 801 4130 adia
821 4064 963 4132 didiione
986 4065 1151 4151 proditur:
1183 4073 1243 4135 ou

184 4171 287 4237 τούτων
310 4172 415 4254 dicum,
438 4169 520 4248 εἶπεν,
543 4173 624 4233 ἁλλὰ
644 4177 698 4234 τῶν
720 4168 879 4250 φονευόντων
898 4172 924 4233 ἐν
941 4175 981 4253 τῷ
996 4169 1147 4255 μάχεθαν.
1189 4172 1235 4239 In

120 4339 121 4343 ,
184 4274 262 4347 Vita
274 4273 418 4363 Lycurgi
431 4294 465 4359 p.
475 4288 532 4358 52.
543 4274 583 4337 Ε.
597 4271 737 4349 νεανίσκος
751 4284 897 4339 narratur
911 4270 976 4338 hoc
989 4271 1234 4360 pronuncinffe.
