2692 4770
153 344 232 399 1140
325 339 380 400 t).
393 342 444 400 W.
464 340 675 405 ANIMADV.
696 342 744 402 IN
764 338 1000 403 iteratum

196 504 270 568 206.
283 505 319 570 F.
339 505 551 575 ΚΑΙΣΑΡΟΣ
562 511 648 571 ΤΟΥ
661 504 911 590 mentun]
934 504 977 569 Et
992 502 1028 568 hi
1042 499 1111 568 loci
1119 500 1205 569 lunt

151 626 191 670 ex
204 604 275 693 ejus
288 606 367 672 Vita
383 630 470 675 nunc
485 607 622 697 perdita,
639 631 736 697 quam
751 632 771 674 a
785 607 957 675 Plutarcho
972 605 1130 695 scriptam
1145 604 1204 670 fu·

152 705 207 773 iss'e
224 707 372 775 novimus
387 733 426 776 ex
442 711 602 800 Catologo
616 710 777 799 Lampriae
794 712 897 776 Num.
912 708 1050 774 xxvh
1075 720 1110 774 et
1124 728 1203 773 om·

152 809 231 875 nino
260 810 422 879 Caesarum
449 815 543 881 Vitas
571 815 772 881 conscribere
798 836 874 880 eum
906 810 1070 877 instituisse
1099 806 1205 898 idque

151 910 261 999 egiffe‚
281 929 415 1002 apparet
435 938 475 981 ex
494 916 588 1003 ipfius
609 917 797 1003 profeffione
812 915 844 979 in
861 914 967 980 Galba
986 934 1020 1000 p.
1040 928 1142 998 1054.
1157 914 1203 978 A.

155 1012 202 1077 Hi
216 1028 327 1080 autem
341 1016 404 1083 loci
419 1019 588 1085 continent
602 1019 669 1085 fere
685 1017 815 1084 notitias
829 1016 997 1107 ejusmodi,
1010 1039 1094 1104 quas
1109 1017 1203 1105 apud

151 1113 232 1180 alios
258 1116 471 1185 <teuderamus
500 1143 606 1185 rerum
633 1121 770 1210 Augusti
793 1120 973 1208 scriptores,
1001 1142 1068 1184 non
1096 1118 1204 1185 modo

153 1217 306 1284 universae
328 1219 464 1286 historiae
484 1220 643 1303 auctores,
667 1221 720 1290 sed
743 1223 936 1288 Suetonium
957 1219 1057 1285 etiam
1081 1218 1202 1307 copio-

151 1319 220 1384 sum
234 1319 327 1386 illum
347 1322 379 1387 in
401 1323 610 1412 fingularibus
632 1325 703 1390 vitre
727 1324 872 1412 partibus
893 1322 1079 1389 referendis.
1118 1322 1203 1390 Quo

152 1422 256 1509 magis
273 1424 453 1510 optandum
475 1442 557 1506 erat,
580 1440 618 1492 ut
637 1429 669 1493 J.
687 1427 730 1493 A.
748 1427 920 1505 Fabricius,
936 1425 992 1513 qui
1008 1439 1119 1490 totum
1135 1424 1203 1490 hoc

151 1525 481 1615 Apophthegmatum
500 1543 599 1616 caput
614 1529 761 1618 apposuit
781 1529 814 1594 in
833 1528 989 1616 perdocto
1009 1526 1095 1593 libro
1116 1526 1199 1617 Iup.

153 1626 229 1712 Cas.
256 1627 383 1715 Augusti
410 1629 583 1719 Temperiem
607 1630 767 1695 Notationc
792 1652 825 1718 p.
852 1649 928 1712 244,
951 1627 1032 1695 illud
1060 1650 1129 1694 non
1155 1629 1203 1694 ita

152 1728 238 1793 nude
253 1728 316 1794 fine
329 1730 395 1795 ulla
407 1731 617 1797 annotatione
631 1732 832 1813 exhibuisset,
844 1732 897 1797 sed
912 1731 1032 1820 aliquid
1046 1754 1088 1797 ex
1100 1752 1200 1820 egre·

151 1830 207 1919 gia
231 1831 285 1896 sua
306 1831 438 1898 scientia
462 1855 500 1899 ac
526 1833 673 1900 doctrina
694 1834 776 1900 lucis
801 1848 836 1899 et
859 1832 1082 1920 explicationis
1104 1832 1201 1899 addi·

152 1930 254 1997 diuet.

196 2038 270 2101 206.
288 2038 324 2101 F.
347 2034 401 2123 α’.]
439 2037 630 2104 Plutarchus
655 2039 759 2104 tribus
781 2037 858 2103 huic
880 2037 1020 2126 geminis
1042 2035 1140 2116 locis,
1166 2036 1200 2103 in

152 2137 238 2202 Vitis
255 2136 421 2203 Ciceronis
435 2159 467 2225 p.
485 2140 560 2225 883.
577 2139 621 2219 A,
634 2142 673 2205 Β.
700 2138 839 2228 Antonii
853 2161 885 2226 p.
896 2158 972 2226 922.
984 2140 1030 2217 D,
1040 2140 1080 2204 E.
1104 2138 1200 2205 Bruti

151 2259 185 2325 p.
202 2260 277 2326 994.
293 2239 332 2304 B.
369 2239 437 2304 Alii
451 2240 528 2304 alias
549 2240 646 2328 hujus
664 2240 741 2306 faui
762 2257 869 2327 partes
884 2256 1087 2306 memorant:
1115 2241 1197 2308 Vel-

150 2341 233 2406 leius
253 2342 322 2406 Pat.
341 2343 385 2406 ΙΙ.
403 2342 457 2407 60.
485 2343 655 2430 Appianus
668 2342 750 2408 Bell.
768 2342 862 2409 Civil.
883 2344 946 2408 111.
961 2344 1015 2408 28.
1028 2343 1095 2432 seq.
1130 2344 1198 2411 Dio

152 2444 234 2510 cau.
251 2445 355 2510 XLV.
369 2462 466 2530 3—5.

196 2568 227 2632 p.
246 2562 319 2630 207.
337 2547 378 2611 A.
406 2544 461 2633 A]
494 2544 685 2612 Plutarchus
710 2547 743 2611 in
769 2548 844 2612 Vita
868 2546 996 2613 Romuli
1021 2569 1054 2634 p.
1073 2549 1128 2613 28.
1146 2549 1194 2615 A:

152 2653 314 2737 -Καῖσας
328 2647 407 2712 sinuit
422 2649 464 2711 ini
478 2656 527 2712 τοῦ
540 2652 656 2736 Θρακὸς
667 2650 857 2734 Ῥυμιτίιλκε,
872 2656 957 2731 φιλᾶν
970 2651 1021 2731 μὲν
1035 2651 1196 2735 προδοσίαν,

151 2752 287 2836 προδότην
310 2753 337 2813 δὲ
362 2756 465 2834 μισεῖν.
504 2752 568 2814 Hic
594 2768 780 2816 numeratur
807 2751 1017 2815 Rhoemetalces
1039 2751 1067 2814 Ι.
1093 2774 1112 2815 a
1134 2751 1197 2817 do·

152 2853 286 2918 &iffimo
309 2852 394 2940 Cary
418 2853 450 2916 in
480 2853 619 2917 Historia
642 2856 768 2940 Regum
791 2854 938 2918 Thraciae
960 2874 993 2939 p.
1010 2854 1072 2934 64:
1101 2855 1198 2940 cujus

151 2956 387 3021 enarrationem
403 2956 514 3019 inultis
531 2955 675 3041 partibus
696 2955 940 3041 locupletiorem
958 2956 1197 3043 certioremque

151 3057 303 3134 reddidit,
328 3057 473 3122 adhibita
496 3058 648 3144 exquisrta
670 3058 824 3122 doctrinae
850 3058 956 3144 copia,
979 3058 1197 3123 Ruhnkenius

152 3160 255 3226 noster
269 3161 310 3226 ad
324 3161 486 3227 Velleium
505 3165 572 3227 Pat.
590 3164 635 3227 Il.
655 3181 727 3228 112.
741 3182 775 3244 4.
812 3161 945 3226 Diuum
963 3158 1146 3224 notavimus
1161 3182 1196 3246 p.

153 3264 225 3349 178.
244 3265 281 3328 B.

197 3386 271 3451 207.
287 3367 330 3431 A.
352 3364 409 3451 γ’.]
437 3370 473 3430 In
497 3365 575 3430 Vita
597 3364 734 3429 Antonii
757 3387 790 3450 p.
806 3378 881 3452 953.
904 3366 949 3428 D.
986 3362 1052 3428 Dio
1073 3362 1198 3428 Caffius

152 3472 208 3534 LI.
223 3474 273 3535 16.
296 3469 444 3536 lulianus
457 3468 553 3555 Epist.
569 3470 624 3532 LI.
642 3468 681 3533 ad
694 3467 931 3532 Alexandrinos
945 3488 978 3552 p.
990 3484 1066 3551 433.
1081 3466 1117 3529 F.
1127 3467 1193 3554 seq.

153 3579 166 3635 ὁ
187 3570 314 3646 Etiam
337 3574 364 3635 δὲ
385 3572 552 3654 ἐπιδημήσας
575 3576 648 3652 ὑμῶν
663 3576 695 3656 τῇ
710 3569 807 3647 oriae,
823 3568 871 3646 nui
889 3570 961 3654 πρὸς
981 3569 1042 3642 τοὺς
1061 3568 1197 3655 ὐμπίρυς

153 3676 278 3749 πολίτας
300 3673 472 3759 διαλεχθεὶς,
488 3672 612 3758 Ἀνδρος,
633 3673 715 3750 sim,
736 3673 935 3757 Ἀλεξανδρεῖς,
951 3670 1050 3752 ἀφίημι
1068 3674 1117 3748 τὴν
1134 3672 1197 3735 vo'·

150 3792 194 3840 λιν
209 3777 300 3851 αἰτίας
313 3777 412 3853 πάσης
427 3778 499 3839 αἰδοῖ
511 3783 559 3838 rori
573 3775 691 3861 μεγάλε
711 3780 764 3837 8εέ
787 3775 956 3858 Σαράπιδος,
971 3776 1055 3836 αὐτοῦ
1068 3797 1100 3834 τι
1115 3769 1199 3836 lusu

150 3886 198 3942 τοῦ
213 3880 285 3961 iriae
301 3876 347 3954 noi
359 3885 407 3940 τοῦ
421 3878 546 3960 peribus
560 3883 608 3952 τῆς
621 3876 743 3950 πόλεως·
768 3874 846 3937 stiria
862 3874 890 3936 ii
906 3899 953 3956 μοι
966 3873 1044 3960 cpio]
1058 3878 1107 3949 τῆς
1120 3876 1198 3961 πρὸς

149 3987 220 4063 ὑμᾶς
235 3978 335 4054 εὐνοίας
350 3981 390 4052 iel
406 3978 452 4057 nori
467 3984 480 4041 ὁ
495 3984 600 4067 ἑταῖρος
610 3976 728 4066 'Apsos’
753 3975 783 4055 ἦν
799 3977 826 4039 di
842 3975 974 4064 ‹i'Apsros
989 3974 1064 4048 οὗτος
1079 3976 1198 4053 πολίτης

147 4084 198 4165 μὲν
214 4082 351 4166 ὑμέτερος,
369 4081 514 4167 Καίσαρος
528 4082 556 4145 di
570 4086 606 4142 ri
621 4077 751 4152 Σεέαςοῡ
767 4075 938 4160 συμὸιωτὴς,
954 4081 1019 4163 ἀνὴρ
1033 4077 1196 4157 φιλόσοφος.

148 4185 258 4249 Artius
277 4208 297 4249 a
317 4183 462 4249 Fabricio
480 4183 513 4246 iu
536 4182 739 4249 Bibliotheca
755 4183 872 4246 Grteca
886 4179 1029 4259 omiffus,
1050 4201 1110 4244 uec
1126 4181 1195 4244 Hi-
