2692 4770
150 342 213 407 tat
347 344 444 409 D.W.
463 348 671 410 ANIMADV.
690 348 739 410 IN
758 346 987 410 PLUTARCHI
1034 348 1041 353 ’

151 507 217 575 hoc
234 508 322 575 versu
343 508 462 577 duxisse
484 512 572 578 istam
593 526 718 601 purtem
738 512 870 578 laudum
888 509 1097 598 philosophiae
1116 510 1181 574 So·

87 644 92 655 ·
153 609 301 677 craticae:
336 612 469 679 Socrates
490 629 588 680 autem
613 615 728 704 primus
752 615 962 705 philosophiam
985 613 1144 678 devocavit
1166 636 1184 675 e

153 709 238 793 caia,
258 725 287 778 et
306 714 338 777 ia
355 714 479 780 urbibus
500 715 666 795 collocavit,
688 729 717 780 et
738 716 770 780 ia
787 718 888 781 damas
905 716 994 780 etiam
1005 712 1184 793 introduxit,

153 827 183 875 et
202 813 296 900 etegit
308 814 345 879 de
357 815 426 880 vita
440 818 623 897 amoribus,
640 818 781 907 rebusque
795 816 876 883 banis
889 827 919 880 et
931 815 1019 880 malis
1033 836 1182 904 quaereret

79 992 82 999 Ι
152 912 254 1000 igitur
268 915 456 983 Cicereinem
477 918 569 1000 illud,
588 918 621 982 ia
634 919 736 994 ἆονινε
752 918 929 998 introduxit,
948 917 989 983 ad
1008 918 1097 982 hunc
1109 938 1184 980 ver·

153 1014 221 1080 sum
235 1015 385 1097 retulisse,
399 1019 550 1106 equidem
564 1019 758 1086 contendere
771 1042 836 1085 non
851 1019 959 1084 autim.

170 1108 175 1117 ¹
199 1133 271 1182 122.
286 1119 330 1182 D.
352 1120 480 1207 θεωρικόν
493 1148 520 1186 το
534 1121 642 1204 viperas
656 1123 859 1206 τοῖςουννεῖσιν]
893 1122 946 1186 De
963 1120 1028 1185 hoc
1042 1114 1183 1183 Athenis

152 1238 243 1281 more
257 1218 383 1306 legatur
396 1222 631 1307 Harpocration
646 1244 723 1288 voce
736 1224 888 1310 Θεωρνκόν,
905 1219 947 1286 ad
959 1241 1099 1306 eumque
1112 1220 1183 1283 Vas

151 1315 261 1383 leiiusz
285 1321 432 1386 meminit
444 1336 477 1387 et
492 1323 679 1389 Plutarchus
699 1346 734 1410 p.
752 1342 824 1405 124.
839 1324 885 1388 D.
915 1320 1033 1388 Pericle
1058 1341 1091 1407 p.
1109 1320 1183 1404 156.

152 1418 192 1484 E.
217 1435 289 1504 157.
304 1424 348 1485 A.
376 1421 512 1488 Aristide
532 1444 609 1510 333.
630 1425 670 1489 E.
708 1424 827 1513 Quaeii.
852 1423 932 1490 Plat.
957 1441 1050 1487 1011.
1064 1422 1104 1486 Β.
1126 1420 1184 1485 ubi

152 1535 318 1607 perperam
332 1520 454 1609 legitur
465 1529 620 1613 θεωρητικοὶ
633 1546 692 1613 pro
705 1525 842 1614 θενρνκίιε
862 1523 969 1610 prouti
980 1523 1014 1587 in
1029 1519 1183 1608 proximis

153 1620 255 1687 verbis
270 1620 368 1709 hujus
382 1622 445 1689 loci
466 1625 571 1690 citatis
592 1625 625 1691 in
648 1628 779 1693 Stoba’a
799 1647 833 1713 p.
847 1639 923 1710 551.
944 1623 1063 1711 legitur
1075 1627 1184 1709 &capez

151 1723 228 1786 τννιδν
248 1744 308 1808 pro
328 1725 468 1813 θεωρικόν.
513 1728 550 1791 In
573 1734 707 1791 συνιοῦσιν
725 1726 915 1814 scriptorum
929 1737 1079 1810 excerpta
1091 1721 1183 1787 cadi-

152 1843 230 1888 cum
253 1835 289 1889 et
312 1824 516 1914 Xylendreue
538 1827 753 1908 consentiunt,
775 1825 854 1892 editi
873 1825 1078 1891 diffentiunt:
1104 1823 1182 1889 Ald.

150 1923 223 1990 Bas.
237 1934 412 2007 τνννσνοῡσνν,
425 1927 514 2015 quod
535 1943 700 2016 tamquam
715 1927 862 1994 vitiosum
882 1925 1068 2017 Xylandrea
1083 1923 1185 1990 editio

151 2026 289 2091 mutavit
300 2026 334 2092 in
346 2037 537 2094 συνασνοῖνσννο
562 2051 621 2095 nec
631 2030 838 2117 -posthabeam
851 2027 994 2116 rugato,
1009 2024 1097 2114 quod
1109 2027 1184 2103 stef·-

151 2124 280 2212 phanus
301 2127 440 2213 induxit,
464 2151 524 2196 nos
546 2128 579 2194 in
603 2131 714 2196 Anons
740 2141 888 2196 notatum
911 2128 1060 2193 vidimus.
1111 2127 1183 2214 Ipse

152 2225 344 2295 Plutarchus
364 2228 467 2297 utitur
487 2231 583 2296 verbo
603 2231 771 2313 aunarium,
787 2230 874 2317 Opp.
889 2230 976 2295 Mor.
998 2251 1032 2316 p.
1045 2232 1121 2313 674.
1135 2229 1183 2295 D.

150 2341 226 2415 713.
242 2327 284 2394 C.

100 2500 103 2507 .
197 2448 270 2501 122.
283 2433 328 2497 D.
358 2437 421 2498 Τῶν
446 2434 704 2521 invenesdal-rie
732 2431 862 2519 ὑγιείαν]
899 2434 1007 2498 Habet
1032 2434 1183 2499 Stobaeue

151 2528 218 2597 Tit.
232 2531 273 2598 C.
296 2555 330 2621 p.
345 2553 421 2619 551.
436 2557 473 2600 ac
487 2538 649 2623 θεωρητικὸν
662 2557 720 2622 pro
733 2535 873 2619 θεωρικόν.
1012 2588 1015 2593 .
1071 2588 1074 2593 .
1134 2588 1136 2593 .

196 2653 270 2702 122.
285 2636 327 2700 Ε.
347 2635 486 2711 ἀνελόντες
507 2636 625 2722 etatem]
651 2636 722 2701 Bas.
738 2635 816 2723 xyl.
836 2633 945 2715 ciceret,
960 2635 1048 2722 quod
1066 2635 1181 2721 praefe-

152 2759 241 2802 ram:
265 2736 371 2818 οἵωνταν
382 2737 503 2804 Aldina
517 2740 625 2819 habet,
641 2737 727 2803 unde
741 2736 873 2802 retinuit
894 2736 1124 2823 Stephaniana,
1144 2761 1184 2803 ex

151 2839 265 2924 quain
285 2841 419 2904 nostram
434 2840 531 2921 venit,
552 2863 612 2905 nec
633 2839 841 2904 diversitatem
863 2853 1009 2903 notatam
1027 2839 1183 2906 habemus

151 2937 185 3003 in
204 2941 314 3004 nostris
335 2942 504 3028 excerptis.
541 2942 601 3005 Pro
620 2940 758 3015 ἀνελόντες
779 2939 944 3028 Xylander
961 2939 1052 3005 dedit
1069 2943 1182 3006 ἄνελόν·

150 3066 214 3119 τας,
237 3040 361 3106 reddita
381 3042 413 3105 in
435 3042 709 3106 Annotationibua
730 3042 791 3105 hac
811 3041 956 3106 ratione:
980 3048 1004 3080 “
1020 3041 1073 3108 Sic
1095 3043 1183 3109 enim

151 3141 340 3207 “usitatum
361 3144 404 3207 est
426 3145 558 3207 Graecos
584 3142 684 3230 loqui.
727 3141 780 3209 Sic
801 3143 1052 3207 Demosthenes:
1079 3148 1108 3209 οὐ
1130 3149 1183 3226 μὴν

151 3248 177 3282 “
192 3241 266 3326 abacti
278 3269 314 3329 γε
328 3246 379 3306 δεῖν
393 3248 441 3322 τὴν
459 3243 527 3306 ἰδίαν
539 3244 695 3327 ἀσφάλειαν
712 3246 856 3307 σκοποῦνθ’
871 3242 1070 3323 ὑτοςόλοιιθοο.
1107 3247 1182 3311 Pin·

150 3349 176 3384 “
191 3344 304 3410 datus:
325 3348 385 3433 xpi
397 3352 460 3409 ττᾶν
473 3344 569 3432 ἔρδοντ’
583 3350 749 3433 ἀμνυςῶσσν
760 3346 806 3408 τὸν
819 3343 932 3430 ὶχθρᾶν.
961 3345 1104 3411 Tullius:
1125 3349 1158 3412 V
1154 3347 1182 3412 i-

150 3452 175 3486 “
190 3469 261 3510 vere
275 3445 433 3533 scientiam
454 3446 641 3510 adhibentem
662 3471 765 3510 earam
781 3470 879 3510 reram
903 3459 958 3510 etc.
999 3447 1062 3511 Et:
1091 3449 1184 3514 Decet

150 3552 176 3586 ‘⁶
190 3560 346 3635 augentem
360 3546 496 3634 linguam
508 3548 655 3611 Latinam
665 3548 817 3614 nominare
833 3547 888 3631 (sc.
902 3551 951 3626 τὴν
963 3549 1023 3634 περὶ
1037 3548 1089 3626 ἤδη
1101 3565 1182 3633 φιλο·

150 3653 176 3688 “
188 3649 300 3732 σοφίαν)
326 3647 476 3712 moralem.
520 3648 584 3713 Sed
605 3649 678 3713 satis
701 3649 921 3735 exemplorum
940 3648 979 3712 in
1003 3671 1038 3713 re
1059 3648 1180 3722 illustri.

149 3753 176 3791 ‘¹
188 3751 305 3835 Neque
319 3772 392 3814 vero
407 3749 516 3813 multis
530 3750 599 3835 post
611 3749 747 3815 verfibus
759 3748 806 3813 ita
820 3749 884 3835 ipse
899 3748 1041 3836 loquitur
1056 3749 1181 3817 Plutar-

151 3856 177 3893 “
190 3850 283 3931 chat,
302 3850 353 3928 ἔξω
368 3852 394 3913 δὲ
410 3849 561 3937 τρέφονται
584 3863 618 3915 et
633 3850 771 3937 persaepe
784 3849 861 3915 alias
875 3852 971 3915 etiam
987 3850 1020 3916 in
1035 3850 1099 3917 hoc
1115 3851 1183 3939 ipso

148 3958 174 3994 “
187 3952 296 4018 libello
310 3950 506 4015 identidem:
529 3964 563 4017 et
575 3952 658 4017 infra
670 3950 785 4015 eadem
798 3951 994 4017 correbtione
1009 3952 1182 4036 utendum,

149 4061 176 4097 “
191 4055 248 4121 ubi
260 4053 389 4139 λέγοντος
401 4052 434 4117 in
448 4052 570 4140 λέγοντα
584 4052 702 4116 mutari
719 4050 851 4117 debet.’'
875 4055 949 4118 Hoc
963 4052 1096 4140 quidem
1110 4054 1183 4122 loco

148 4169 262 4245 putem
282 4154 420 4230 ἀνελόντες
442 4155 516 4220 ferri
537 4154 633 4241 poise,
656 4152 730 4239 quia
754 4152 864 4217 referri
885 4156 986 4241 potest
1006 4154 1048 4220 ad
1069 4155 1179 4239 aierem.

150 4258 301 4327 Universa
318 4257 516 4344 ceteroquin
534 4257 618 4323 valet
637 4254 795 4345 Xylandri
815 4257 887 4324 hec
904 4258 1090 4327 observatio.
1127 4261 1180 4328 Sic
