2692 4770
147 307 206 360 880
338 299 377 361 D.
389 302 439 360 W.
460 298 667 361 ANIMADV.
687 297 734 360 IN
754 293 984 363 BLUTARCHI

148 465 197 539 τὴν
218 467 300 526 αὑτοῦ
324 463 496 547 λυγιζόμενος
516 463 622 542 οὐσίαν,
643 463 659 541 ἢ
678 469 732 527 τῶν
754 461 849 526 ἄλλων
871 461 993 535 τινός-.
1031 449 1199 543 ΡαῙῙαᾶαο,

143 561 328 650 ‘Antholog.
346 565 390 628 ll.
404 586 459 647 50.
475 560 572 650 910.

195 683 267 744 141.
281 664 320 728 C.
341 666 378 728 ‘0
392 665 542 751 Σωκράτης
556 663 755 729 ἐκέλευσε-τὲ
768 662 846 749 εἶδος]
871 659 1070 728 Sententiam
1082 681 1176 724 00m·

127 748 258 851 ¹plures
279 766 488 850 prodiderunt
502 765 551 851 rel
566 768 634 847 suo,
651 767 699 832 vel
721 765 871 844 Socratis,
891 763 938 827 vel
959 762 1095 826 aliorum
1115 784 1176 826 no·

149 865 249 946 mine,
264 889 344 953 quos
365 866 466 932 citant
479 867 687 947 ‚Casaubonus
701 882 734 932 et
747 866 919 951 Menagius
933 863 974 929 ad
992 863 1175 950 Diogenem

149 967 313 1032 laertium
330 969 372 1031 ll.
388 988 442 1053 33.
465 968 497 1032 iu
512 968 650 1032 Socratis
664 990 734 1032 earn
749 967 841 1032 dinis
855 965 1082 1031 recensentem.
1119 962 1175 1028 Bi·

149 1067 216 1131 anti
230 1069 381 1134 tribuitur
394 1068 479 1155 apud
494 1069 658 1135 Stobaeum
673 1068 738 1134 Tit.
750 1070 811 1132 lll.
823 1090 856 1155 p.
868 1068 921 1149 46.
937 1066 992 1130 ubi
1006 1064 1177 1130 lettionem

150 1169 303 1255 marginis
325 1170 507 1234 Gesneriani
530 1171 719 1234 coufinnant
741 1169 868 1233 codices
893 1166 1033 1232 Schowii
1058 1188 1092 1251 p.
1111 1185 1174 1250 97:

150 1268 322 1334 Plutarcho
343 1270 376 1333 in
402 1272 491 1336 Sent.
513 1273 602 1334 Max.
625 1283 659 1334 et
681 1271 803 1334 Anton.
826 1291 858 1355 p.
872 1271 948 1352 566.
964 1273 1014 1341 Εἰς
1033 1267 1177 1353 κᾶτυπϊρον

149 1368 242 1445 κόψας
264 1370 367 1455 scalpo·
391 1369 437 1450 nol
458 1374 480 1433 ti
494 1371 544 1452 μὲν
558 1373 643 1444 καλὸς
657 1368 753 1450 puisse,
774 1368 841 1446 ἄξια
860 1369 944 1431 τυυτυ
965 1362 1081 1455 metiris·
1107 1366 1177 1430 rili

149 1472 261 1556 αἷχςὸς,
275 1472 307 1532 τὸ
321 1475 368 1546 τῆς
386 1469 472 1545 ὅψεως
491 1472 611 1545 imnis
631 1471 727 1555 ὠράῑξε
747 1469 960 1555 καλοκᾳγαθῖᾳ.
976 1545 979 1551 ¹
997 1468 1123 1533 Socrati
1144 1465 1177 1530 in

149 1570 203 1634 J0.
227 1569 416 1634 Damasceni
438 1572 601 1656 Excerptis
624 1573 696 1636 MS.
719 1569 868 1656 Σωκράτης
892 1568 1009 1656 παρῄνει
1032 1573 1089 1644 τοῖς
1112 1568 1177 1642 νέοις

149 1669 287 1744 πολλάκις
305 1670 502 1757 templerum,
526 1674 599 1753 (καὶ)
616 1674 676 1745 τοὺς
697 1673 746 1753 μὲν
768 1675 901 1758 εὐπρεπεῖς
922 1670 1009 1753 ὅμοιον
1029 1676 1120 1734 ποιεῖν
1137 1675 1177 1754 τῷ

150 1768 210 1834 o'lo
229 1772 275 1834 τὸν
288 1770 395 1857 τρόπον,
413 1773 474 1846 τοὺς
488 1774 514 1835 δὲ
529 1773 662 1860 ἀμόρφους
675 1771 842 1859 saguineis
855 1775 886 1835 ri
902 1773 1014 1846 δυσειδὲς
1032 1774 1175 1859 τῇεὸτςυ-

147 1870 211 1957 usp.

195 1993 266 2054 141.
282 1974 326 2038 D.
348 1979 451 2062 τῇγὰρ
469 1980 562 2063 αἰχςᾴ
582 1977 690 2058 σεμνὸν,
711 1981 733 2038 si
752 1981 868 2056 pah-:isar
882 1978 925 2038 διὰ
940 1976 971 2038 τὸ
986 1973 1049 2051 ἦθος
1064 1980 1176 2057 μῦλλυν

149 2071 170 2161 ἢ,
185 2074 217 2137 τὸ
233 2074 350 2159 κάλλος]
377 2075 578 2140 Desideratur
597 2076 732 2140 alterum
750 2076 943 2162 disjuustum
962 2075 1175 2161 comparatio-

150 2173 212 2254 nis,
227 2196 291 2260 quo
306 2174 508 2260 fignificetur‚
522 2199 617 2263 quem
638 2178 776 2242 fructum
796 2185 810 2254 ἡ
829 2183 902 2256 καλὴ
916 2176 1091 2264 percipiat:
1117 2175 1176 2241 de·

148 2275 581 2357 indehocexc'idisse,etia1n
604 2279 666 2343 hoc
687 2279 881 2344 documento
903 2283 956 2356 est,
978 2279 1065 2369 quod
1087 2286 1175 2361 φιλεῖ-

148 2402 196 2458 ταυ
209 2379 253 2440 διὰ
266 2379 298 2441 τὸ
313 2376 375 2456 ἦθος
388 2383 497 2462 μᾶλλον
512 2377 528 2457 ἢ
541 2381 572 2443 τὸ
587 2380 703 2458 κάλλος,
719 2379 759 2443 de
778 2379 914 2444 formosa
928 2381 1028 2467 potest
1044 2379 1121 2459 dici,
1137 2380 1178 2445 de

149 2477 285 2544 deformi
300 2503 365 2544 non
384 2481 496 2567 potest,
511 2480 629 2567 quippe
644 2505 714 2567 quae
731 2481 835 2555 κάλλος
857 2506 921 2546 non
944 2482 1059 2546 habet:
1083 2481 1176 2546 deni·

148 2601 222 2666 que,
245 2580 364 2667 aliquid
386 2582 549 2646 turbatum
571 2582 630 2646 ess'e
654 2582 684 2645 in
708 2582 757 2645 his
775 2583 876 2646 verbis
894 2583 1028 2647 ostendit
1047 2605 1176 2671 quoque

52 2707 61 2721 ·
149 2681 288 2746 absentia
303 2683 448 2747 vocabuli
460 2690 569 2766 μᾶλλον
584 2684 616 2747 in
631 2683 786 2769 plerisque
800 2684 886 2747 libris
903 2686 941 2746 B.
959 2686 997 2746 E.
1015 2684 1089 2748 Ald.
1103 2685 1174 2749 Bas.

149 2781 228 2868 Xyl.
243 2781 385 2846 additum
401 2784 561 2848 aSchott.
577 2784 732 2846 ethnon.
769 2787 862 2846 Forte
881 2784 920 2847 fic
938 2798 993 2847 aut
1012 2784 1075 2847 tale
1096 2784 1176 2870 quid

80 2906 87 2921 ·
148 2883 302 2968 scripserit
325 2885 528 2949 Plutarchus:
552 2892 584 2970 τῇ
604 2889 661 2970 γὰρ
684 2890 774 2972 αἰχρᾴ
789 2890 896 2967 σεμνὸν,
912 2892 934 2947 εἰ
953 2893 1068 2968 onim
1083 2891 1128 2950 διὰ
1143 2892 1175 2950 τὸ

149 2982 225 3062 ἦθος,
240 2991 271 3069 τῇ
289 2988 314 3046 l}
329 2993 413 3071 καλῇ,
431 2991 452 3048 εἰ
467 2990 510 3049 διὰ
524 2989 554 3049 τὸ
569 2986 631 3064 ἦθος
645 2992 753 3068 μᾶλλον
767 2987 782 3064 ἢ
796 2990 827 3049 τὸ
842 2988 956 3061 κάλλος·
977 3003 1014 3051 ut
1029 2989 1175 3055 librarius

149 3107 169 3148 a
182 3085 285 3170 priore
299 3084 361 3163 ἦθος
377 3088 530 3152 contiuuo
541 3088 572 3151 in
587 3088 721 3151 alterum
738 3088 890 3168 incidens,
905 3090 1069 3177 interjesta
1082 3095 1176 3157 verba

149 3201 183 3251 et
204 3187 339 3252 alterum
361 3188 424 3267 ἦθος
443 3190 616 3254 omitteret.
655 3191 719 3254 Hic
741 3192 784 3254 cst
803 3191 975 3256 multarum
991 3193 1062 3256 sons
1084 3194 1174 3259 lacu-

149 3312 263 3354 narum
291 3291 439 3377 cognitus
468 3293 559 3356 uobis
587 3292 643 3356 usu
668 3293 823 3357 versandis
852 3295 1013 3358 codicibus
1041 3296 1174 3381 scriptis.

148 3396 300 3481 Longum
320 3396 362 3458 est
378 3395 522 3481 exempla
535 3395 587 3459 hic
603 3418 776 3481 apponere:
804 3396 968 3460 videantur·
981 3398 1010 3459 in
1026 3397 1087 3461 hac
1101 3400 1174 3463 nos-

148 3508 198 3559 tra
228 3497 389 3562 Plutarchi
411 3496 583 3561 Moralium
606 3497 744 3561 editione
767 3520 799 3582 p.
817 3515 890 3583 733.
910 3500 954 3577 D,
971 3503 1008 3562 E.
1038 3521 1113 3584 951.
1128 3502 1173 3565 D.

151 3612 245 3679 1070.
261 3599 298 3660 E.
324 3615 417 3660 1100.
433 3596 477 3659 D.
516 3598 553 3658 lu
574 3617 669 3680 opere
688 3599 739 3661 De
761 3597 887 3663 Placitis
911 3597 1175 3683 Philosophorum

148 3698 236 3764 istam
255 3697 377 3762 lacunae
399 3699 535 3763 caussam
558 3698 678 3762 notavit
699 3700 882 3763 Annotator
903 3700 935 3762 in
958 3700 1061 3764 Variis
1082 3701 1174 3766 hert.

147 3798 190 3866 ad
211 3799 330 3865 calcem
354 3821 388 3886 p.
405 3802 479 3887 899.
494 3801 538 3864 D.
562 3802 619 3867 IV.
636 3801 675 3863 8:
705 3814 740 3863 et
762 3799 909 3864 Corsmus
933 3803 976 3865 ΙΙ.
992 3818 1022 3886 7.
1049 3824 1082 3888 p.
1099 3804 1174 3887 887.

148 3901 178 3967 C

192 4022 264 4084 141.
279 4004 323 4069 D.
350 4002 495 4083 Λυσάνδρυ
517 4002 748 4090 θυγατράσιμ]
775 4003 857 4066 Item
878 4002 910 4065 in
930 4004 1174 4091 Apoplrthegm.

147 4105 228 4190 Reg.
253 4120 287 4170 et
308 4106 395 4170 Duc.
417 4126 450 4189 p.
469 4125 540 4191 190.
558 4103 603 4167 E:
632 4102 797 4188 Λύσανδρος,
821 4104 960 4168 Διονυσίου
981 4114 1027 4168 τοῦ
1047 4107 1174 4193 τυράννου

145 4203 296 4286 «spadarios
313 4206 412 4289 ἱμάτια
424 4209 486 4280 ταῖς
497 4203 672 4290 θυγατράσιν
687 4207 758 4267 arisai
772 4212 825 4269 τῶν
836 4209 996 4286 πολυῖελῶυ,
1013 4209 1050 4270 ἐκ
1065 4206 1173 4287 ἔλαθεν,
