<?xml version="1.0" encoding="UTF-8"?>
<!DOCTYPE html PUBLIC "-//W3C//DTD XHTML 1.0 Transitional//EN"
    "http://www.w3.org/TR/xhtml1/DTD/xhtml1-transitional.dtd">
<html xmlns="http://www.w3.org/1999/xhtml" xml:lang="en" lang="en">
 <head>
  <title>
</title>
<meta http-equiv="Content-Type" content="text/html;charset=utf-8" />
  <meta name='ocr-system' content='tesseract 3.04.00' />
  <meta name='ocr-capabilities' content='ocr_page ocr_carea ocr_par ocr_line ocrx_word'/>
</head>
<body>
  <div class='ocr_page' id='page_1' title='image "./plutarchichaero01plutgoog_0281.png"; bbox 0 0 2692 4770; ppageno 0'>
   <div class='ocr_carea' id='block_1_1' title="bbox 157 268 1003 385">
    <p class='ocr_par' dir='ltr' id='par_1_1' title="bbox 157 268 1003 385">
     <span class='ocr_line' id='line_1_1' title="bbox 157 268 1003 385; baseline 0 -29"><span class='ocrx_word' id='word_1_1' title='bbox 157 268 218 357; x_wconf 69' lang='lat' dir='ltr'><strong>ue</strong></span> <span class='ocrx_word' id='word_1_2' title='bbox 349 292 451 385; x_wconf 72' lang='lat' dir='ltr'><strong>uu.</strong></span> <span class='ocrx_word' id='word_1_3' title='bbox 474 296 749 357; x_wconf 77' lang='lat' dir='ltr'><strong>ANIMADV.1N</strong></span> <span class='ocrx_word' id='word_1_4' title='bbox 769 294 1003 358; x_wconf 71' lang='lat' dir='ltr'><strong>munimur</strong></span> 
     </span>
    </p>
   </div>
   <div class='ocr_carea' id='block_1_2' title="bbox 148 455 1197 4328">
    <p class='ocr_par' dir='ltr' id='par_1_2' title="bbox 156 455 1197 954">
     <span class='ocr_line' id='line_1_2' title="bbox 157 455 1197 552; baseline -0.005 -28"><span class='ocrx_word' id='word_1_5' title='bbox 157 455 261 543; x_wconf 76' lang='grc' dir='ltr'><strong><em>ζοῡοτές</em></strong></span> <span class='ocrx_word' id='word_1_6' title='bbox 274 477 351 539; x_wconf 73' lang='grc' dir='ltr'><strong><em>φησι·</em></strong></span> <span class='ocrx_word' id='word_1_7' title='bbox 376 459 422 538; x_wconf 69' lang='grc' dir='ltr'><strong>καὶ</strong></span> <span class='ocrx_word' id='word_1_8' title='bbox 436 459 518 548; x_wconf 64' lang='lat' dir='ltr'><strong>tripu</strong></span> <span class='ocrx_word' id='word_1_9' title='bbox 538 460 635 544; x_wconf 70' lang='grc' dir='ltr'><strong><em>ὁμοίως</em></strong></span> <span class='ocrx_word' id='word_1_10' title='bbox 655 465 730 548; x_wconf 76' lang='grc' dir='ltr'><strong>αὐτῷ</strong></span> <span class='ocrx_word' id='word_1_11' title='bbox 748 471 875 552; x_wconf 70' lang='grc' dir='ltr'><strong><em>χςῶπος</em></strong></span> <span class='ocrx_word' id='word_1_12' title='bbox 892 467 933 546; x_wconf 77' lang='grc' dir='ltr'><strong>τῷ</strong></span> <span class='ocrx_word' id='word_1_13' title='bbox 952 457 1066 544; x_wconf 68' lang='grc' dir='ltr'><strong>τοοοάτφ</strong></span> <span class='ocrx_word' id='word_1_14' title='bbox 1079 456 1197 545; x_wconf 67' lang='grc' dir='ltr'><strong>ῥήματι.</strong></span> 
     </span>
     <span class='ocr_line' id='line_1_3' title="bbox 156 556 1197 649; baseline -0.005 -23"><span class='ocrx_word' id='word_1_15' title='bbox 156 560 256 648; x_wconf 85' lang='lat' dir='ltr'><strong>Apud</strong></span> <span class='ocrx_word' id='word_1_16' title='bbox 272 559 479 627; x_wconf 84' lang='lat' dir='ltr'><strong>Plutarchum</strong></span> <span class='ocrx_word' id='word_1_17' title='bbox 492 563 600 627; x_wconf 77' lang='lat' dir='ltr'><strong>exstat.</strong></span> <span class='ocrx_word' id='word_1_18' title='bbox 617 585 650 649; x_wconf 90' lang='lat' dir='ltr'><strong>p.</strong></span> <span class='ocrx_word' id='word_1_19' title='bbox 665 566 736 629; x_wconf 85' lang='lat'><strong>126.</strong></span> <span class='ocrx_word' id='word_1_20' title='bbox 749 567 787 628; x_wconf 85' lang='lat' dir='ltr'><strong>E.</strong></span> <span class='ocrx_word' id='word_1_21' title='bbox 802 563 925 629; x_wconf 87' lang='lat' dir='ltr'><strong>Theseo</strong></span> <span class='ocrx_word' id='word_1_22' title='bbox 939 583 974 647; x_wconf 89' lang='lat' dir='ltr'><strong>p.</strong></span> <span class='ocrx_word' id='word_1_23' title='bbox 986 580 1015 624; x_wconf 93' lang='lat'><strong>1.</strong></span> <span class='ocrx_word' id='word_1_24' title='bbox 1025 559 1068 627; x_wconf 87' lang='lat' dir='ltr'><strong>A.</strong></span> <span class='ocrx_word' id='word_1_25' title='bbox 1086 556 1197 623; x_wconf 78' lang='lat' dir='ltr'><strong>Crasso</strong></span> 
     </span>
     <span class='ocr_line' id='line_1_4' title="bbox 158 664 1197 754; baseline -0.003 -26"><span class='ocrx_word' id='word_1_26' title='bbox 158 682 193 748; x_wconf 89' lang='lat' dir='ltr'><strong>p.</strong></span> <span class='ocrx_word' id='word_1_27' title='bbox 211 664 288 750; x_wconf 66' lang='lat'><strong>363.</strong></span> <span class='ocrx_word' id='word_1_28' title='bbox 308 667 353 728; x_wconf 80' lang='lat' dir='ltr'><strong>E:</strong></span> <span class='ocrx_word' id='word_1_29' title='bbox 391 664 556 730; x_wconf 85' lang='lat' dir='ltr'><strong>Philonem</strong></span> <span class='ocrx_word' id='word_1_30' title='bbox 585 666 663 732; x_wconf 92' lang='lat' dir='ltr'><strong>Jud.</strong></span> <span class='ocrx_word' id='word_1_31' title='bbox 686 667 772 754; x_wconf 84' lang='lat' dir='ltr'><strong>apud</strong></span> <span class='ocrx_word' id='word_1_32' title='bbox 798 666 914 731; x_wconf 85' lang='lat' dir='ltr'><strong>Euseb.</strong></span> <span class='ocrx_word' id='word_1_33' title='bbox 942 666 1043 751; x_wconf 80' lang='lat' dir='ltr'><strong>Praep.</strong></span> <span class='ocrx_word' id='word_1_34' title='bbox 1072 664 1197 748; x_wconf 84' lang='lat' dir='ltr'><strong>Evang.</strong></span> 
     </span>
     <span class='ocr_line' id='line_1_5' title="bbox 157 763 1195 856; baseline -0.001 -29"><span class='ocrx_word' id='word_1_35' title='bbox 157 763 253 828; x_wconf 95' lang='lat' dir='ltr'><strong>VIlI.</strong></span> <span class='ocrx_word' id='word_1_36' title='bbox 277 787 310 851; x_wconf 88' lang='lat' dir='ltr'><strong>p.</strong></span> <span class='ocrx_word' id='word_1_37' title='bbox 324 767 400 852; x_wconf 83' lang='lat'><strong>389.</strong></span> <span class='ocrx_word' id='word_1_38' title='bbox 417 765 470 831; x_wconf 76' lang='lat' dir='ltr'><strong>A:</strong></span> <span class='ocrx_word' id='word_1_39' title='bbox 494 766 636 832; x_wconf 87' lang='lat' dir='ltr'>Dionem</span> <span class='ocrx_word' id='word_1_40' title='bbox 657 767 772 856; x_wconf 79' lang='lat' dir='ltr'><strong>Chrys.</strong></span> <span class='ocrx_word' id='word_1_41' title='bbox 788 769 846 834; x_wconf 94' lang='lat' dir='ltr'><strong>Or.</strong></span> <span class='ocrx_word' id='word_1_42' title='bbox 862 768 1001 833; x_wconf 86' lang='lat' dir='ltr'><strong>LXXX.</strong></span> <span class='ocrx_word' id='word_1_43' title='bbox 1016 787 1050 852; x_wconf 91' lang='lat' dir='ltr'><strong>p.</strong></span> <span class='ocrx_word' id='word_1_44' title='bbox 1065 766 1140 850; x_wconf 83' lang='grc'><strong>669.</strong></span> <span class='ocrx_word' id='word_1_45' title='bbox 1155 765 1195 829; x_wconf 89' lang='grc' dir='ltr'><strong>Β.</strong></span> 
     </span>
     <span class='ocr_line' id='line_1_6' title="bbox 157 861 1147 954; baseline 0.001 -25"><span class='ocrx_word' id='word_1_46' title='bbox 157 861 214 929; x_wconf 76' lang='lat' dir='ltr'><strong>dat</strong></span> <span class='ocrx_word' id='word_1_47' title='bbox 227 864 327 930; x_wconf 89' lang='lat' dir='ltr'><strong>editio</strong></span> <span class='ocrx_word' id='word_1_48' title='bbox 340 868 479 945; x_wconf 88' lang='lat' dir='ltr'><strong>Veneta,</strong></span> <span class='ocrx_word' id='word_1_49' title='bbox 493 864 613 954; x_wconf 89' lang='lat' dir='ltr'><strong>dequo</strong></span> <span class='ocrx_word' id='word_1_50' title='bbox 627 868 770 933; x_wconf 82' lang='lat' dir='ltr'><strong>videatur</strong></span> <span class='ocrx_word' id='word_1_51' title='bbox 784 867 828 933; x_wconf 94' lang='lat' dir='ltr'><strong>ibi</strong></span> <span class='ocrx_word' id='word_1_52' title='bbox 844 867 996 934; x_wconf 79' lang='lat' dir='ltr'><strong>Reissrius.</strong></span> <span class='ocrx_word' id='word_1_53' title='bbox 1144 921 1147 925; x_wconf 90' lang='lat'><strong>.</strong></span> 
     </span>
    </p>

    <p class='ocr_par' dir='ltr' id='par_1_3' title="bbox 155 965 1196 1668">
     <span class='ocr_line' id='line_1_7' title="bbox 204 965 1195 1059; baseline -0.001 -29"><span class='ocrx_word' id='word_1_54' title='bbox 204 982 275 1053; x_wconf 76' lang='lat'><strong>125.</strong></span> <span class='ocrx_word' id='word_1_55' title='bbox 292 970 330 1032; x_wconf 87' lang='lat' dir='ltr'><strong>E.</strong></span> <span class='ocrx_word' id='word_1_56' title='bbox 364 969 605 1059; x_wconf 66' lang='grc' dir='ltr'><strong><em>κατοχοᾳὶοοποος]</em></strong></span> <span class='ocrx_word' id='word_1_57' title='bbox 643 970 696 1036; x_wconf 84' lang='lat' dir='ltr'><strong>Sic</strong></span> <span class='ocrx_word' id='word_1_58' title='bbox 727 983 761 1035; x_wconf 86' lang='lat' dir='ltr'><strong>et</strong></span> <span class='ocrx_word' id='word_1_59' title='bbox 788 970 938 1035; x_wconf 76' lang='lat' dir='ltr'><strong>Stobaeue</strong></span> <span class='ocrx_word' id='word_1_60' title='bbox 968 965 1101 1034; x_wconf 82' lang='lat' dir='ltr'><strong>Gesneri</strong></span> <span class='ocrx_word' id='word_1_61' title='bbox 1128 967 1195 1032; x_wconf 87' lang='lat' dir='ltr'><strong>Tit.</strong></span> 
     </span>
     <span class='ocr_line' id='line_1_8' title="bbox 158 1064 1196 1158; baseline -0.003 -24"><span class='ocrx_word' id='word_1_62' title='bbox 158 1069 269 1134; x_wconf 87' lang='lat' dir='ltr'><strong>XVII.</strong></span> <span class='ocrx_word' id='word_1_63' title='bbox 292 1091 326 1156; x_wconf 91' lang='lat' dir='ltr'><strong>p.</strong></span> <span class='ocrx_word' id='word_1_64' title='bbox 345 1085 416 1156; x_wconf 83' lang='lat'><strong>154.</strong></span> <span class='ocrx_word' id='word_1_65' title='bbox 438 1064 494 1158; x_wconf 87' lang='lat' dir='ltr'><strong>qui</strong></span> <span class='ocrx_word' id='word_1_66' title='bbox 515 1072 603 1136; x_wconf 91' lang='lat' dir='ltr'><strong>hunc</strong></span> <span class='ocrx_word' id='word_1_67' title='bbox 625 1072 736 1157; x_wconf 84' lang='lat' dir='ltr'><strong>locum</strong></span> <span class='ocrx_word' id='word_1_68' title='bbox 757 1075 802 1136; x_wconf 76' lang='grc'><strong>06</strong></span> <span class='ocrx_word' id='word_1_69' title='bbox 822 1075 875 1154; x_wconf 70' lang='grc' dir='ltr'><strong>μὴν</strong></span> <span class='ocrx_word' id='word_1_70' title='bbox 895 1069 1062 1144; x_wconf 69' lang='grc' dir='ltr'><strong>-άποψίαν</strong></span> <span class='ocrx_word' id='word_1_71' title='bbox 1086 1069 1196 1155; x_wconf 68' lang='grc' dir='ltr'><strong><em>ἔχοντες</em></strong></span> 
     </span>
     <span class='ocr_line' id='line_1_9' title="bbox 157 1169 1196 1257; baseline 0 -22"><span class='ocrx_word' id='word_1_72' title='bbox 157 1169 278 1236; x_wconf 84' lang='lat' dir='ltr'><strong>habet:</strong></span> <span class='ocrx_word' id='word_1_73' title='bbox 312 1185 346 1236; x_wconf 87' lang='lat' dir='ltr'><strong>at</strong></span> <span class='ocrx_word' id='word_1_74' title='bbox 367 1171 554 1237; x_wconf 85' lang='lat' dir='ltr'><strong>Trincavelli</strong></span> <span class='ocrx_word' id='word_1_75' title='bbox 576 1174 700 1236; x_wconf 64' lang='grc' dir='ltr'><strong>κακά’</strong></span> <span class='ocrx_word' id='word_1_76' title='bbox 670 1199 743 1237; x_wconf 77' lang='grc' dir='ltr'><strong><em>τισιν</em></strong></span> <span class='ocrx_word' id='word_1_77' title='bbox 764 1173 928 1251; x_wconf 72' lang='grc' dir='ltr'><strong><em>ἄνοι’,νοντοο</em></strong></span> <span class='ocrx_word' id='word_1_78' title='bbox 948 1184 981 1236; x_wconf 83' lang='lat' dir='ltr'><strong>et</strong></span> <span class='ocrx_word' id='word_1_79' title='bbox 1004 1172 1043 1236; x_wconf 80' lang='lat' dir='ltr'><strong>stc</strong></span> <span class='ocrx_word' id='word_1_80' title='bbox 1065 1192 1196 1257; x_wconf 86' lang='lat' dir='ltr'><strong>quoque</strong></span> 
     </span>
     <span class='ocr_line' id='line_1_10' title="bbox 159 1272 1196 1362; baseline -0.002 -24"><span class='ocrx_word' id='word_1_81' title='bbox 159 1272 287 1338; x_wconf 72' lang='lat' dir='ltr'><strong>codices</strong></span> <span class='ocrx_word' id='word_1_82' title='bbox 315 1274 407 1339; x_wconf 77' lang='lat' dir='ltr'><strong>Paris.</strong></span> <span class='ocrx_word' id='word_1_83' title='bbox 432 1275 524 1340; x_wconf 90' lang='lat' dir='ltr'><strong>Stob.</strong></span> <span class='ocrx_word' id='word_1_84' title='bbox 548 1277 591 1340; x_wconf 88' lang='lat' dir='ltr'><strong>A.</strong></span> <span class='ocrx_word' id='word_1_85' title='bbox 607 1278 664 1340; x_wconf 92' lang='lat' dir='ltr'><strong>N.</strong></span> <span class='ocrx_word' id='word_1_86' title='bbox 697 1289 731 1340; x_wconf 80' lang='lat' dir='ltr'><strong>at</strong></span> <span class='ocrx_word' id='word_1_87' title='bbox 752 1297 867 1362; x_wconf 83' lang='lat' dir='ltr'><strong>margo</strong></span> <span class='ocrx_word' id='word_1_88' title='bbox 890 1275 934 1339; x_wconf 88' lang='lat' dir='ltr'><strong>A.</strong></span> <span class='ocrx_word' id='word_1_89' title='bbox 959 1273 1196 1359; x_wconf 73' lang='grc' dir='ltr'><strong><em>κκτςχοκίοοπας.</em></strong></span> 
     </span>
     <span class='ocr_line' id='line_1_11' title="bbox 155 1373 1196 1465; baseline -0.001 -25"><span class='ocrx_word' id='word_1_90' title='bbox 155 1376 300 1440; x_wconf 85' lang='lat' dir='ltr'>Verbum</span> <span class='ocrx_word' id='word_1_91' title='bbox 316 1377 358 1440; x_wconf 90' lang='lat' dir='ltr'><strong>est</strong></span> <span class='ocrx_word' id='word_1_92' title='bbox 373 1375 459 1461; x_wconf 84' lang='lat' dir='ltr'><strong>apud</strong></span> <span class='ocrx_word' id='word_1_93' title='bbox 477 1375 683 1443; x_wconf 86' lang='lat' dir='ltr'>Plutarchum</span> <span class='ocrx_word' id='word_1_94' title='bbox 696 1376 817 1465; x_wconf 76' lang='lat' dir='ltr'><strong>Quoest.</strong></span> <span class='ocrx_word' id='word_1_95' title='bbox 830 1378 909 1442; x_wconf 75' lang='lat' dir='ltr'><strong>Nat.</strong></span> <span class='ocrx_word' id='word_1_96' title='bbox 927 1397 960 1461; x_wconf 92' lang='lat' dir='ltr'><strong>p.</strong></span> <span class='ocrx_word' id='word_1_97' title='bbox 973 1395 1049 1462; x_wconf 84' lang='lat'><strong>914.</strong></span> <span class='ocrx_word' id='word_1_98' title='bbox 1040 1375 1109 1449; x_wconf 87' lang='lat' dir='ltr'><strong>.D:</strong></span> <span class='ocrx_word' id='word_1_99' title='bbox 1134 1373 1196 1439; x_wconf 73' lang='lat' dir='ltr'><strong>ulia</strong></span> 
     </span>
     <span class='ocr_line' id='line_1_12' title="bbox 156 1475 1193 1596; baseline -0.001 -54"><span class='ocrx_word' id='word_1_100' title='bbox 156 1478 260 1543; x_wconf 79' lang='lat' dir='ltr'><strong>forma</strong></span> <span class='ocrx_word' id='word_1_101' title='bbox 274 1504 339 1542; x_wconf 80' lang='grc' dir='ltr'><strong><em>κατι</em></strong></span> <span class='ocrx_word' id='word_1_102' title='bbox 340 1480 441 1565; x_wconf 63' lang='lat' dir='ltr'><strong>vl*</strong></span> <span class='ocrx_word' id='word_1_103' title='bbox 434 1503 465 1544; x_wconf 87' lang='lat' dir='ltr'><strong>ru</strong></span> <span class='ocrx_word' id='word_1_104' title='bbox 487 1481 565 1545; x_wconf 78' lang='lat' dir='ltr'><strong>Vita</strong></span> <span class='ocrx_word' id='word_1_105' title='bbox 573 1479 799 1596; x_wconf 73' lang='lat' dir='ltr'><strong>⁸Homeri§.7</strong></span> <span class='ocrx_word' id='word_1_106' title='bbox 804 1499 846 1547; x_wconf 97' lang='grc'><strong>2.</strong></span> <span class='ocrx_word' id='word_1_107' title='bbox 870 1477 1001 1551; x_wconf 82' lang='lat' dir='ltr'><strong>AEliano</strong></span> <span class='ocrx_word' id='word_1_108' title='bbox 1015 1478 1093 1549; x_wconf 82' lang='lat' dir='ltr'><strong>Var.</strong></span> <span class='ocrx_word' id='word_1_109' title='bbox 1110 1475 1193 1542; x_wconf 86' lang='lat' dir='ltr'><strong>llist.</strong></span> 
     </span>
     <span class='ocr_line' id='line_1_13' title="bbox 157 1579 1128 1668; baseline -0.002 -24"><span class='ocrx_word' id='word_1_110' title='bbox 157 1579 202 1645; x_wconf 89' lang='lat' dir='ltr'><strong>X.</strong></span> <span class='ocrx_word' id='word_1_111' title='bbox 215 1581 247 1644; x_wconf 97' lang='grc'><strong>6.</strong></span> <span class='ocrx_word' id='word_1_112' title='bbox 277 1582 460 1646; x_wconf 87' lang='lat' dir='ltr'><strong>Nomen‘</strong></span> <span class='ocrx_word' id='word_1_113' title='bbox 424 1607 557 1668; x_wconf 78' lang='grc' dir='ltr'><strong><em>κατοχνος</em></strong></span> <span class='ocrx_word' id='word_1_114' title='bbox 572 1582 604 1646; x_wconf 90' lang='lat' dir='ltr'><strong>in</strong></span> <span class='ocrx_word' id='word_1_115' title='bbox 620 1580 844 1647; x_wconf 78' lang='lat' dir='ltr'><strong>Demosthenis</strong></span> <span class='ocrx_word' id='word_1_116' title='bbox 858 1580 937 1646; x_wconf 79' lang='lat' dir='ltr'><strong>Vita</strong></span> <span class='ocrx_word' id='word_1_117' title='bbox 949 1603 983 1667; x_wconf 90' lang='lat' dir='ltr'><strong>p.</strong></span> <span class='ocrx_word' id='word_1_118' title='bbox 997 1579 1072 1665; x_wconf 79' lang='grc'><strong>847.</strong></span> <span class='ocrx_word' id='word_1_119' title='bbox 1088 1580 1128 1643; x_wconf 90' lang='grc' dir='ltr'><strong>Ε.</strong></span> 
     </span>
    </p>

    <p class='ocr_par' dir='ltr' id='par_1_4' title="bbox 202 1682 966 1769">
     <span class='ocr_line' id='line_1_14' title="bbox 202 1682 966 1769; baseline 0 -23"><span class='ocrx_word' id='word_1_120' title='bbox 202 1701 275 1767; x_wconf 82' lang='lat'><strong>125.</strong></span> <span class='ocrx_word' id='word_1_121' title='bbox 291 1684 329 1747; x_wconf 84' lang='lat' dir='ltr'><strong>E.</strong></span> <span class='ocrx_word' id='word_1_122' title='bbox 352 1683 580 1769; x_wconf 72' lang='grc' dir='ltr'><strong><em>ὶποσοτοζομέοες]</em></strong></span> <span class='ocrx_word' id='word_1_123' title='bbox 606 1682 799 1749; x_wconf 76' lang='lat' dir='ltr'><strong>Notavimus</strong></span> <span class='ocrx_word' id='word_1_124' title='bbox 813 1704 846 1769; x_wconf 89' lang='lat' dir='ltr'><strong>p.</strong></span> <span class='ocrx_word' id='word_1_125' title='bbox 863 1683 914 1767; x_wconf 88' lang='lat'><strong>78.</strong></span> <span class='ocrx_word' id='word_1_126' title='bbox 930 1685 966 1748; x_wconf 87' lang='lat' dir='ltr'><strong>F.</strong></span> 
     </span>
    </p>

    <p class='ocr_par' dir='ltr' id='par_1_5' title="bbox 148 1784 1194 4328">
     <span class='ocr_line' id='line_1_15' title="bbox 203 1784 1194 1874; baseline 0.002 -24"><span class='ocrx_word' id='word_1_127' title='bbox 203 1801 274 1872; x_wconf 82' lang='lat'><strong>125.</strong></span> <span class='ocrx_word' id='word_1_128' title='bbox 290 1787 329 1850; x_wconf 85' lang='grc' dir='ltr'><strong>Ε.</strong></span> <span class='ocrx_word' id='word_1_129' title='bbox 352 1789 390 1851; x_wconf 89' lang='grc' dir='ltr'><strong>Ὁ</strong></span> <span class='ocrx_word' id='word_1_130' title='bbox 407 1788 458 1870; x_wconf 73' lang='grc' dir='ltr'><strong>μὶν</strong></span> <span class='ocrx_word' id='word_1_131' title='bbox 474 1786 519 1851; x_wconf 82' lang='grc' dir='ltr'><strong>οὗν</strong></span> <span class='ocrx_word' id='word_1_132' title='bbox 532 1787 804 1874; x_wconf 58' lang='grc' dir='ltr'><strong>Κράτης-βάλῃς]</strong></span> <span class='ocrx_word' id='word_1_133' title='bbox 840 1786 953 1851; x_wconf 78' lang='lat' dir='ltr'><strong>Crates</strong></span> <span class='ocrx_word' id='word_1_134' title='bbox 976 1786 1135 1874; x_wconf 72' lang='lat' dir='ltr'><strong>Cynicus,</strong></span> <span class='ocrx_word' id='word_1_135' title='bbox 1152 1784 1194 1852; x_wconf 81' lang='lat' dir='ltr'><strong>de</strong></span> 
     </span>
     <span class='ocr_line' id='line_1_16' title="bbox 156 1883 1193 1977; baseline 0.004 -28"><span class='ocrx_word' id='word_1_136' title='bbox 156 1883 249 1973; x_wconf 79' lang='lat' dir='ltr'><strong>cujus</strong></span> <span class='ocrx_word' id='word_1_137' title='bbox 269 1886 364 1952; x_wconf 82' lang='lat' dir='ltr'><strong>rebus</strong></span> <span class='ocrx_word' id='word_1_138' title='bbox 382 1887 451 1977; x_wconf 86' lang='lat' dir='ltr'><strong>egit</strong></span> <span class='ocrx_word' id='word_1_139' title='bbox 469 1888 635 1976; x_wconf 77' lang='lat' dir='ltr'>Diogenes</span> <span class='ocrx_word' id='word_1_140' title='bbox 649 1889 796 1954; x_wconf 66' lang='lat' dir='ltr'><strong>Laertius</strong></span> <span class='ocrx_word' id='word_1_141' title='bbox 808 1889 869 1954; x_wconf 88' lang='lat' dir='ltr'><strong>Vl.</strong></span> <span class='ocrx_word' id='word_1_142' title='bbox 885 1888 939 1973; x_wconf 82' lang='lat'><strong>85.</strong></span> <span class='ocrx_word' id='word_1_143' title='bbox 954 1887 1019 1974; x_wconf 89' lang='lat' dir='ltr'><strong>seq.</strong></span> <span class='ocrx_word' id='word_1_144' title='bbox 1041 1902 1076 1952; x_wconf 89' lang='lat' dir='ltr'><strong>et</strong></span> <span class='ocrx_word' id='word_1_145' title='bbox 1095 1887 1193 1953; x_wconf 78' lang='lat' dir='ltr'><strong>vitam</strong></span> 
     </span>
     <span class='ocr_line' id='line_1_17' title="bbox 155 1985 1193 2077; baseline 0.001 -25"><span class='ocrx_word' id='word_1_146' title='bbox 155 1985 321 2073; x_wconf 76' lang='lat' dir='ltr'><strong>scripserat</strong></span> <span class='ocrx_word' id='word_1_147' title='bbox 343 1989 545 2070; x_wconf 77' lang='lat' dir='ltr'><strong>Plutarchus,</strong></span> <span class='ocrx_word' id='word_1_148' title='bbox 568 2004 605 2055; x_wconf 91' lang='lat' dir='ltr'><strong>ut</strong></span> <span class='ocrx_word' id='word_1_149' title='bbox 627 1990 773 2055; x_wconf 88' lang='lat' dir='ltr'><strong>novimus</strong></span> <span class='ocrx_word' id='word_1_150' title='bbox 795 2011 834 2054; x_wconf 84' lang='lat' dir='ltr'><strong>ex</strong></span> <span class='ocrx_word' id='word_1_151' title='bbox 851 1989 982 2056; x_wconf 85' lang='lat' dir='ltr'><strong>Juliano</strong></span> <span class='ocrx_word' id='word_1_152' title='bbox 1003 1988 1061 2055; x_wconf 92' lang='lat' dir='ltr'><strong>Or.</strong></span> <span class='ocrx_word' id='word_1_153' title='bbox 1076 1989 1137 2053; x_wconf 94' lang='lat' dir='ltr'><strong>VI.</strong></span> <span class='ocrx_word' id='word_1_154' title='bbox 1159 2012 1193 2077; x_wconf 91' lang='lat' dir='ltr'><strong>p.</strong></span> 
     </span>
     <span class='ocr_line' id='line_1_18' title="bbox 157 2089 1192 2179; baseline -0.002 -23"><span class='ocrx_word' id='word_1_155' title='bbox 157 2106 232 2156; x_wconf 78' lang='lat'><strong>200.</strong></span> <span class='ocrx_word' id='word_1_156' title='bbox 247 2090 286 2153; x_wconf 80' lang='lat' dir='ltr'><strong>B.</strong></span> <span class='ocrx_word' id='word_1_157' title='bbox 307 2090 362 2175; x_wconf 92' lang='lat' dir='ltr'><strong>qui</strong></span> <span class='ocrx_word' id='word_1_158' title='bbox 384 2113 423 2155; x_wconf 83' lang='lat' dir='ltr'><strong>ex</strong></span> <span class='ocrx_word' id='word_1_159' title='bbox 445 2091 585 2156; x_wconf 82' lang='lat' dir='ltr'><strong>Cratetis</strong></span> <span class='ocrx_word' id='word_1_160' title='bbox 608 2091 744 2179; x_wconf 87' lang='lat' dir='ltr'><strong>Hymno</strong></span> <span class='ocrx_word' id='word_1_161' title='bbox 770 2091 802 2155; x_wconf 92' lang='lat' dir='ltr'><strong>in</strong></span> <span class='ocrx_word' id='word_1_162' title='bbox 828 2089 1058 2178; x_wconf 78' lang='lat' dir='ltr'><strong>Frugalitatem</strong></span> <span class='ocrx_word' id='word_1_163' title='bbox 1082 2089 1192 2155; x_wconf 89' lang='lat' dir='ltr'><strong>locum</strong></span> 
     </span>
     <span class='ocr_line' id='line_1_19' title="bbox 154 2190 1191 2280; baseline 0.003 -26"><span class='ocrx_word' id='word_1_164' title='bbox 154 2190 300 2255; x_wconf 78' lang='lat' dir='ltr'><strong>versuum</strong></span> <span class='ocrx_word' id='word_1_165' title='bbox 317 2191 489 2257; x_wconf 83' lang='lat' dir='ltr'><strong>duodecim</strong></span> <span class='ocrx_word' id='word_1_166' title='bbox 503 2193 671 2280; x_wconf 84' lang='lat' dir='ltr'><strong>apposuit:</strong></span> <span class='ocrx_word' id='word_1_167' title='bbox 695 2192 758 2258; x_wconf 87' lang='lat' dir='ltr'><strong>fuit</strong></span> <span class='ocrx_word' id='word_1_168' title='bbox 773 2191 825 2257; x_wconf 91' lang='lat' dir='ltr'><strong>hic</strong></span> <span class='ocrx_word' id='word_1_169' title='bbox 844 2194 999 2280; x_wconf 80' lang='lat' dir='ltr'><strong>Hymnus</strong></span> <span class='ocrx_word' id='word_1_170' title='bbox 1013 2197 1108 2256; x_wconf 76' lang='grc' dir='ltr'><strong><em>ἐκτῶν</em></strong></span> <span class='ocrx_word' id='word_1_171' title='bbox 1121 2219 1191 2269; x_wconf 57' lang='grc' dir='ltr'>παι,-</span> 
     </span>
     <span class='ocr_line' id='line_1_20' title="bbox 155 2289 1193 2381; baseline 0.004 -26"><span class='ocrx_word' id='word_1_172' title='bbox 155 2289 238 2378; x_wconf 75' lang='grc' dir='ltr'><strong>γοῖοκ</strong></span> <span class='ocrx_word' id='word_1_173' title='bbox 253 2292 405 2373; x_wconf 77' lang='lat' dir='ltr'><strong>Cratetis,</strong></span> <span class='ocrx_word' id='word_1_174' title='bbox 428 2307 466 2359; x_wconf 90' lang='lat' dir='ltr'><strong>ut</strong></span> <span class='ocrx_word' id='word_1_175' title='bbox 479 2294 524 2358; x_wconf 82' lang='lat' dir='ltr'><strong>ait</strong></span> <span class='ocrx_word' id='word_1_176' title='bbox 537 2294 704 2360; x_wconf 76' lang='lat' dir='ltr'><strong>Julianus=</strong></span> <span class='ocrx_word' id='word_1_177' title='bbox 727 2316 792 2381; x_wconf 93' lang='lat' dir='ltr'><strong>quo</strong></span> <span class='ocrx_word' id='word_1_178' title='bbox 813 2294 944 2358; x_wconf 89' lang='lat' dir='ltr'><strong>nomine</strong></span> <span class='ocrx_word' id='word_1_179' title='bbox 966 2293 1083 2359; x_wconf 84' lang='lat' dir='ltr'><strong>librum</strong></span> <span class='ocrx_word' id='word_1_180' title='bbox 1106 2294 1193 2359; x_wconf 78' lang='lat' dir='ltr'><strong>illiue</strong></span> 
     </span>
     <span class='ocr_line' id='line_1_21' title="bbox 156 2398 1193 2488; baseline -0.001 -23"><span class='ocrx_word' id='word_1_181' title='bbox 156 2399 234 2465; x_wconf 88' lang='lat' dir='ltr'><strong>item</strong></span> <span class='ocrx_word' id='word_1_182' title='bbox 263 2411 421 2465; x_wconf 85' lang='lat' dir='ltr'><strong>memorat</strong></span> <span class='ocrx_word' id='word_1_183' title='bbox 448 2401 614 2488; x_wconf 83' lang='lat' dir='ltr'><strong>Diogenes</strong></span> <span class='ocrx_word' id='word_1_184' title='bbox 636 2400 782 2466; x_wconf 71' lang='lat' dir='ltr'><strong>inertius</strong></span> <span class='ocrx_word' id='word_1_185' title='bbox 809 2400 832 2464; x_wconf 95' lang='lat' dir='ltr'><strong>l.</strong></span> <span class='ocrx_word' id='word_1_186' title='bbox 848 2399 871 2463; x_wconf 95' lang='lat' dir='ltr'><strong>l.</strong></span> <span class='ocrx_word' id='word_1_187' title='bbox 894 2399 995 2487; x_wconf 85' lang='lat' dir='ltr'><strong>igitur</strong></span> <span class='ocrx_word' id='word_1_188' title='bbox 1014 2414 1047 2464; x_wconf 88' lang='lat' dir='ltr'><strong>et</strong></span> <span class='ocrx_word' id='word_1_189' title='bbox 1071 2399 1104 2463; x_wconf 90' lang='lat' dir='ltr'><strong>in</strong></span> <span class='ocrx_word' id='word_1_190' title='bbox 1129 2398 1193 2464; x_wconf 92' lang='lat' dir='ltr'><strong>hoc</strong></span> 
     </span>
     <span class='ocr_line' id='line_1_22' title="bbox 158 2499 1191 2590; baseline -0.001 -23"><span class='ocrx_word' id='word_1_191' title='bbox 158 2499 319 2567; x_wconf 85' lang='lat' dir='ltr'><strong>Plutarchi</strong></span> <span class='ocrx_word' id='word_1_192' title='bbox 340 2501 413 2567; x_wconf 89' lang='lat' dir='ltr'><strong>loco</strong></span> <span class='ocrx_word' id='word_1_193' title='bbox 435 2502 573 2567; x_wconf 79' lang='lat' dir='ltr'><strong>debehat</strong></span> <span class='ocrx_word' id='word_1_194' title='bbox 586 2506 715 2581; x_wconf 70' lang='grc' dir='ltr'><strong>παιδιάς,</strong></span> <span class='ocrx_word' id='word_1_195' title='bbox 734 2501 812 2590; x_wconf 66' lang='lat' dir='ltr'><strong>Infit,</strong></span> <span class='ocrx_word' id='word_1_196' title='bbox 835 2515 873 2566; x_wconf 91' lang='lat' dir='ltr'><strong>ut</strong></span> <span class='ocrx_word' id='word_1_197' title='bbox 888 2501 1008 2567; x_wconf 86' lang='lat' dir='ltr'><strong>hahent</strong></span> <span class='ocrx_word' id='word_1_198' title='bbox 1023 2500 1109 2580; x_wconf 90' lang='lat' dir='ltr'><strong>libri,</strong></span> <span class='ocrx_word' id='word_1_199' title='bbox 1127 2523 1191 2566; x_wconf 92' lang='lat' dir='ltr'><strong>non</strong></span> 
     </span>
     <span class='ocr_line' id='line_1_23' title="bbox 155 2605 1192 2696; baseline -0.003 -24"><span class='ocrx_word' id='word_1_200' title='bbox 155 2608 287 2688; x_wconf 63' lang='grc' dir='ltr'><strong>παιδίος,</strong></span> <span class='ocrx_word' id='word_1_201' title='bbox 305 2608 448 2696; x_wconf 81' lang='lat' dir='ltr'><strong>pueritia,</strong></span> <span class='ocrx_word' id='word_1_202' title='bbox 470 2622 509 2675; x_wconf 93' lang='lat' dir='ltr'><strong>ut</strong></span> <span class='ocrx_word' id='word_1_203' title='bbox 528 2608 637 2673; x_wconf 90' lang='lat' dir='ltr'><strong>vitiose</strong></span> <span class='ocrx_word' id='word_1_204' title='bbox 658 2609 755 2673; x_wconf 79' lang='lat' dir='ltr'><strong>exstat</strong></span> <span class='ocrx_word' id='word_1_205' title='bbox 768 2607 800 2671; x_wconf 90' lang='lat' dir='ltr'><strong>in</strong></span> <span class='ocrx_word' id='word_1_206' title='bbox 817 2607 918 2671; x_wconf 83' lang='lat' dir='ltr'><strong>nostra</strong></span> <span class='ocrx_word' id='word_1_207' title='bbox 938 2606 1091 2672; x_wconf 84' lang='lat' dir='ltr'><strong>editione.</strong></span> <span class='ocrx_word' id='word_1_208' title='bbox 1130 2605 1192 2671; x_wconf 86' lang='lat' dir='ltr'><strong>Di-</strong></span> 
     </span>
     <span class='ocr_line' id='line_1_24' title="bbox 154 2708 1192 2797; baseline -0.003 -23"><span class='ocrx_word' id='word_1_209' title='bbox 154 2709 243 2774; x_wconf 69' lang='lat' dir='ltr'><strong>trum</strong></span> <span class='ocrx_word' id='word_1_210' title='bbox 263 2709 326 2773; x_wconf 89' lang='lat' dir='ltr'><strong>hoc</strong></span> <span class='ocrx_word' id='word_1_211' title='bbox 350 2709 475 2774; x_wconf 81' lang='lat' dir='ltr'><strong>fortnffe</strong></span> <span class='ocrx_word' id='word_1_212' title='bbox 500 2710 545 2774; x_wconf 86' lang='lat' dir='ltr'><strong>ita</strong></span> <span class='ocrx_word' id='word_1_213' title='bbox 568 2708 783 2797; x_wconf 84' lang='lat' dir='ltr'><strong>conscriptum</strong></span> <span class='ocrx_word' id='word_1_214' title='bbox 807 2708 922 2774; x_wconf 86' lang='lat' dir='ltr'><strong>luerit:</strong></span> <span class='ocrx_word' id='word_1_215' title='bbox 949 2712 1000 2785; x_wconf 78' lang='grc' dir='ltr'><strong>Μὴ</strong></span> <span class='ocrx_word' id='word_1_216' title='bbox 1022 2710 1082 2794; x_wconf 73' lang='grc' dir='ltr'><strong>πρὸ</strong></span> <span class='ocrx_word' id='word_1_217' title='bbox 1103 2713 1192 2789; x_wconf 70' lang='grc' dir='ltr'><strong><em>φακῆς</em></strong></span> 
     </span>
     <span class='ocr_line' id='line_1_25' title="bbox 155 2807 1191 2897; baseline 0.001 -24"><span class='ocrx_word' id='word_1_218' title='bbox 155 2810 251 2873; x_wconf 70' lang='grc' dir='ltr'><strong>λοπάδ’</strong></span> <span class='ocrx_word' id='word_1_219' title='bbox 266 2810 355 2888; x_wconf 73' lang='grc' dir='ltr'><strong><em>αὔξων</em></strong></span> <span class='ocrx_word' id='word_1_220' title='bbox 368 2813 420 2875; x_wconf 78' lang='lat' dir='ltr'><strong>aiei</strong></span> <span class='ocrx_word' id='word_1_221' title='bbox 435 2814 461 2886; x_wconf 66' lang='lat' dir='ltr'><strong>ig</strong></span> <span class='ocrx_word' id='word_1_222' title='bbox 476 2812 558 2885; x_wconf 81' lang='grc' dir='ltr'><strong><em>ςάσοο</em></strong></span> <span class='ocrx_word' id='word_1_223' title='bbox 571 2810 649 2894; x_wconf 77' lang='grc' dir='ltr'><strong>ἄμμε</strong></span> <span class='ocrx_word' id='word_1_224' title='bbox 664 2811 833 2897; x_wconf 58' lang='lat' dir='ltr'><strong>Boium-n</strong></span> <span class='ocrx_word' id='word_1_225' title='bbox 869 2809 976 2874; x_wconf 83' lang='lat' dir='ltr'><strong>Aliter</strong></span> <span class='ocrx_word' id='word_1_226' title='bbox 989 2807 1069 2874; x_wconf 79' lang='lat' dir='ltr'><strong>citat</strong></span> <span class='ocrx_word' id='word_1_227' title='bbox 1082 2810 1191 2874; x_wconf 86' lang='lat' dir='ltr'><strong>Athe·</strong></span> 
     </span>
     <span class='ocr_line' id='line_1_26' title="bbox 155 2909 1191 3000; baseline 0.001 -25"><span class='ocrx_word' id='word_1_228' title='bbox 155 2929 245 2975; x_wconf 84' lang='lat' dir='ltr'><strong>naeus</strong></span> <span class='ocrx_word' id='word_1_229' title='bbox 269 2915 327 2975; x_wconf 91' lang='lat' dir='ltr'><strong>IV.</strong></span> <span class='ocrx_word' id='word_1_230' title='bbox 354 2934 387 2998; x_wconf 93' lang='lat' dir='ltr'><strong>p.</strong></span> <span class='ocrx_word' id='word_1_231' title='bbox 408 2914 478 2997; x_wconf 87' lang='lat'><strong>158.</strong></span> <span class='ocrx_word' id='word_1_232' title='bbox 494 2914 541 2977; x_wconf 83' lang='lat' dir='ltr'><strong>B:</strong></span> <span class='ocrx_word' id='word_1_233' title='bbox 577 2911 624 2993; x_wconf 63' lang='lat' dir='ltr'><strong>nol</strong></span> <span class='ocrx_word' id='word_1_234' title='bbox 644 2913 758 3000; x_wconf 64' lang='grc' dir='ltr'><strong>Κράτης</strong></span> <span class='ocrx_word' id='word_1_235' title='bbox 781 2914 803 2976; x_wconf 80' lang='grc' dir='ltr'><strong>δ’</strong></span> <span class='ocrx_word' id='word_1_236' title='bbox 827 2917 840 2975; x_wconf 82' lang='grc' dir='ltr'><strong><em>ὁ</em></strong></span> <span class='ocrx_word' id='word_1_237' title='bbox 861 2911 985 2988; x_wconf 73' lang='grc' dir='ltr'><strong>Θηάαῖος</strong></span> <span class='ocrx_word' id='word_1_238' title='bbox 1003 2909 1113 2995; x_wconf 72' lang='grc' dir='ltr'><strong>ἔλεγον,</strong></span> <span class='ocrx_word' id='word_1_239' title='bbox 1139 2917 1191 2992; x_wconf 68' lang='grc' dir='ltr'><strong>Μὴ</strong></span> 
     </span>
     <span class='ocr_line' id='line_1_27' title="bbox 152 3013 1190 3101; baseline 0.004 -25"><span class='ocrx_word' id='word_1_240' title='bbox 152 3015 213 3101; x_wconf 69' lang='lat' dir='ltr'><strong>orgi</strong></span> <span class='ocrx_word' id='word_1_241' title='bbox 235 3019 322 3094; x_wconf 73' lang='grc' dir='ltr'><strong><em>φακῆς</em></strong></span> <span class='ocrx_word' id='word_1_242' title='bbox 344 3015 440 3077; x_wconf 80' lang='grc' dir='ltr'><strong>λοπάδ’</strong></span> <span class='ocrx_word' id='word_1_243' title='bbox 462 3013 551 3093; x_wconf 76' lang='grc' dir='ltr'>αὔξων</span> <span class='ocrx_word' id='word_1_244' title='bbox 571 3019 608 3089; x_wconf 73' lang='grc' dir='ltr'><strong>εἰς</strong></span> <span class='ocrx_word' id='word_1_245' title='bbox 627 3015 709 3088; x_wconf 84' lang='grc' dir='ltr'><strong><em>ς-άοοο</em></strong></span> <span class='ocrx_word' id='word_1_246' title='bbox 728 3014 807 3096; x_wconf 80' lang='grc' dir='ltr'><strong><em>ἄμμε</em></strong></span> <span class='ocrx_word' id='word_1_247' title='bbox 820 3014 922 3100; x_wconf 67' lang='grc' dir='ltr'><strong>βάλῃς·</strong></span> <span class='ocrx_word' id='word_1_248' title='bbox 946 3013 1001 3080; x_wconf 83' lang='grc' dir='ltr'><strong>1ὼί</strong></span> <span class='ocrx_word' id='word_1_249' title='bbox 1024 3014 1190 3080; x_wconf 82' lang='lat' dir='ltr'><strong>Casaubo-</strong></span> 
     </span>
     <span class='ocr_line' id='line_1_28' title="bbox 153 3113 1190 3206; baseline 0.001 -26"><span class='ocrx_word' id='word_1_250' title='bbox 153 3137 215 3180; x_wconf 82' lang='lat' dir='ltr'><strong>nus</strong></span> <span class='ocrx_word' id='word_1_251' title='bbox 229 3113 327 3202; x_wconf 81' lang='lat' dir='ltr'><strong>hujus</strong></span> <span class='ocrx_word' id='word_1_252' title='bbox 342 3116 434 3181; x_wconf 88' lang='lat' dir='ltr'><strong>nostri</strong></span> <span class='ocrx_word' id='word_1_253' title='bbox 452 3116 516 3180; x_wconf 92' lang='lat' dir='ltr'><strong>loci</strong></span> <span class='ocrx_word' id='word_1_254' title='bbox 537 3116 694 3181; x_wconf 86' lang='lat' dir='ltr'><strong>meminit.</strong></span> <span class='ocrx_word' id='word_1_255' title='bbox 734 3117 808 3180; x_wconf 81' lang='lat' dir='ltr'><strong>Pars</strong></span> <span class='ocrx_word' id='word_1_256' title='bbox 829 3116 926 3203; x_wconf 85' lang='lat' dir='ltr'><strong>prior,</strong></span> <span class='ocrx_word' id='word_1_257' title='bbox 939 3121 1000 3206; x_wconf 69' lang='lat' dir='ltr'><strong>,MA</strong></span> <span class='ocrx_word' id='word_1_258' title='bbox 1022 3121 1081 3204; x_wconf 73' lang='lat' dir='ltr'><strong>opi</strong></span> <span class='ocrx_word' id='word_1_259' title='bbox 1102 3125 1190 3200; x_wconf 74' lang='grc' dir='ltr'><strong><em>φακῆς</em></strong></span> 
     </span>
     <span class='ocr_line' id='line_1_29' title="bbox 153 3216 1189 3304; baseline 0.004 -23"><span class='ocrx_word' id='word_1_260' title='bbox 153 3218 249 3281; x_wconf 75' lang='grc' dir='ltr'><strong>λοπάδ’</strong></span> <span class='ocrx_word' id='word_1_261' title='bbox 265 3216 344 3296; x_wconf 65' lang='lat' dir='ltr'><strong>alfe,</strong></span> <span class='ocrx_word' id='word_1_262' title='bbox 359 3216 459 3281; x_wconf 85' lang='lat' dir='ltr'><strong>relata</strong></span> <span class='ocrx_word' id='word_1_263' title='bbox 480 3217 522 3281; x_wconf 86' lang='lat' dir='ltr'><strong>est</strong></span> <span class='ocrx_word' id='word_1_264' title='bbox 543 3217 577 3280; x_wconf 92' lang='lat' dir='ltr'><strong>in</strong></span> <span class='ocrx_word' id='word_1_265' title='bbox 601 3219 789 3282; x_wconf 84' lang='lat' dir='ltr'><strong>Hexametr.</strong></span> <span class='ocrx_word' id='word_1_266' title='bbox 808 3218 954 3281; x_wconf 88' lang='lat' dir='ltr'><strong>Proverb.</strong></span> <span class='ocrx_word' id='word_1_267' title='bbox 970 3218 1099 3282; x_wconf 88' lang='lat' dir='ltr'><strong>Schotti</strong></span> <span class='ocrx_word' id='word_1_268' title='bbox 1112 3239 1189 3304; x_wconf 83' lang='lat'><strong>314.</strong></span> 
     </span>
     <span class='ocr_line' id='line_1_30' title="bbox 151 3318 1189 3407; baseline 0.001 -22"><span class='ocrx_word' id='word_1_269' title='bbox 151 3319 337 3407; x_wconf 87' lang='lat' dir='ltr'><strong>Opponitur</strong></span> <span class='ocrx_word' id='word_1_270' title='bbox 353 3324 440 3403; x_wconf 72' lang='grc' dir='ltr'><strong><em>φακῆ,</em></strong></span> <span class='ocrx_word' id='word_1_271' title='bbox 454 3318 607 3396; x_wconf 79' lang='lat' dir='ltr'><strong>lmliculo,</strong></span> <span class='ocrx_word' id='word_1_272' title='bbox 621 3319 732 3398; x_wconf 76' lang='grc' dir='ltr'><strong>λοπάδι,</strong></span> <span class='ocrx_word' id='word_1_273' title='bbox 748 3319 878 3406; x_wconf 81' lang='lat' dir='ltr'><strong>potinae,</strong></span> <span class='ocrx_word' id='word_1_274' title='bbox 893 3319 926 3382; x_wconf 91' lang='lat' dir='ltr'><strong>in</strong></span> <span class='ocrx_word' id='word_1_275' title='bbox 941 3342 1005 3405; x_wconf 88' lang='lat' dir='ltr'><strong>qua</strong></span> <span class='ocrx_word' id='word_1_276' title='bbox 1019 3318 1189 3386; x_wconf 77' lang='lat' dir='ltr'><strong>delicatio·</strong></span> 
     </span>
     <span class='ocr_line' id='line_1_31' title="bbox 152 3420 1188 3511; baseline 0.003 -25"><span class='ocrx_word' id='word_1_277' title='bbox 152 3445 202 3486; x_wconf 89' lang='lat' dir='ltr'><strong>res</strong></span> <span class='ocrx_word' id='word_1_278' title='bbox 217 3422 283 3488; x_wconf 87' lang='lat' dir='ltr'><strong>cibi</strong></span> <span class='ocrx_word' id='word_1_279' title='bbox 294 3423 550 3510; x_wconf 75' lang='lat' dir='ltr'><strong>apponebantur,</strong></span> <span class='ocrx_word' id='word_1_280' title='bbox 563 3436 596 3487; x_wconf 79' lang='lat' dir='ltr'><strong>nt</strong></span> <span class='ocrx_word' id='word_1_281' title='bbox 611 3428 685 3505; x_wconf 76' lang='grc' dir='ltr'><strong>φακῆ</strong></span> <span class='ocrx_word' id='word_1_282' title='bbox 705 3437 773 3487; x_wconf 84' lang='lat' dir='ltr'><strong>erat</strong></span> <span class='ocrx_word' id='word_1_283' title='bbox 791 3423 823 3486; x_wconf 89' lang='lat' dir='ltr'><strong>in</strong></span> <span class='ocrx_word' id='word_1_284' title='bbox 839 3420 915 3501; x_wconf 79' lang='lat' dir='ltr'><strong>olla,</strong></span> <span class='ocrx_word' id='word_1_285' title='bbox 924 3423 1033 3510; x_wconf 74' lang='grc' dir='ltr'>χύτρᾳ,</span> <span class='ocrx_word' id='word_1_286' title='bbox 1047 3421 1188 3511; x_wconf 70' lang='grc' dir='ltr'><strong>τςοάλῖῳε</strong></span> 
     </span>
     <span class='ocr_line' id='line_1_32' title="bbox 152 3520 1189 3610; baseline 0.002 -22"><span class='ocrx_word' id='word_1_287' title='bbox 152 3520 280 3588; x_wconf 82' lang='lat' dir='ltr'><strong>Crateti·</strong></span> <span class='ocrx_word' id='word_1_288' title='bbox 291 3525 463 3590; x_wconf 75' lang='lat' dir='ltr'><strong>consuetus</strong></span> <span class='ocrx_word' id='word_1_289' title='bbox 478 3524 569 3589; x_wconf 82' lang='lat' dir='ltr'><strong>cibus</strong></span> <span class='ocrx_word' id='word_1_290' title='bbox 583 3524 641 3610; x_wconf 89' lang='lat' dir='ltr'><strong>qui</strong></span> <span class='ocrx_word' id='word_1_291' title='bbox 654 3524 686 3587; x_wconf 92' lang='lat' dir='ltr'><strong>in</strong></span> <span class='ocrx_word' id='word_1_292' title='bbox 706 3547 746 3588; x_wconf 85' lang='lat' dir='ltr'><strong>eo</strong></span> <span class='ocrx_word' id='word_1_293' title='bbox 761 3522 1015 3610; x_wconf 79' lang='lat' dir='ltr'><strong>err-perimentum</strong></span> <span class='ocrx_word' id='word_1_294' title='bbox 1030 3523 1109 3588; x_wconf 85' lang='lat' dir='ltr'><strong>fecit</strong></span> <span class='ocrx_word' id='word_1_295' title='bbox 1124 3528 1189 3590; x_wconf 90' lang='lat' dir='ltr'><strong>Ze·</strong></span> 
     </span>
     <span class='ocr_line' id='line_1_33' title="bbox 151 3624 1188 3712; baseline 0.004 -24"><span class='ocrx_word' id='word_1_296' title='bbox 151 3625 245 3689; x_wconf 85' lang='lat' dir='ltr'><strong>nonis</strong></span> <span class='ocrx_word' id='word_1_297' title='bbox 268 3624 428 3712; x_wconf 89' lang='lat' dir='ltr'><strong>discipuli,</strong></span> <span class='ocrx_word' id='word_1_298' title='bbox 453 3639 491 3689; x_wconf 90' lang='lat' dir='ltr'><strong>ut</strong></span> <span class='ocrx_word' id='word_1_299' title='bbox 513 3625 620 3712; x_wconf 90' lang='lat' dir='ltr'><strong>prodit</strong></span> <span class='ocrx_word' id='word_1_300' title='bbox 642 3625 807 3712; x_wconf 78' lang='lat' dir='ltr'><strong>Diogenes</strong></span> <span class='ocrx_word' id='word_1_301' title='bbox 829 3626 935 3694; x_wconf 67' lang='lat' dir='ltr'><strong>Inert-</strong></span> <span class='ocrx_word' id='word_1_302' title='bbox 949 3626 1027 3688; x_wconf 88' lang='lat' dir='ltr'><strong>VII.</strong></span> <span class='ocrx_word' id='word_1_303' title='bbox 1041 3645 1074 3710; x_wconf 87' lang='lat'><strong>3.</strong></span> <span class='ocrx_word' id='word_1_304' title='bbox 1097 3628 1188 3692; x_wconf 67' lang='lat' dir='ltr'><strong>uum.</strong></span> 
     </span>
     <span class='ocr_line' id='line_1_34' title="bbox 148 3725 1188 3815; baseline 0.005 -25"><span class='ocrx_word' id='word_1_305' title='bbox 148 3725 260 3815; x_wconf 70' lang='grc' dir='ltr'>χάτςαν</span> <span class='ocrx_word' id='word_1_306' title='bbox 281 3733 368 3810; x_wconf 76' lang='grc' dir='ltr'><strong><em>φακῆς</em></strong></span> <span class='ocrx_word' id='word_1_307' title='bbox 386 3730 431 3791; x_wconf 77' lang='grc' dir='ltr'><strong>διὰ</strong></span> <span class='ocrx_word' id='word_1_308' title='bbox 444 3734 493 3791; x_wconf 80' lang='grc' dir='ltr'><strong>τοῦ</strong></span> <span class='ocrx_word' id='word_1_309' title='bbox 507 3733 680 3813; x_wconf 73' lang='grc' dir='ltr'><strong><em>Κεραμεικοῦ</em></strong></span> <span class='ocrx_word' id='word_1_310' title='bbox 693 3726 789 3812; x_wconf 68' lang='grc' dir='ltr'><strong>φέρον.</strong></span> <span class='ocrx_word' id='word_1_311' title='bbox 827 3729 864 3792; x_wconf 91' lang='lat' dir='ltr'><strong>ln</strong></span> <span class='ocrx_word' id='word_1_312' title='bbox 885 3725 955 3814; x_wconf 71' lang='lat' dir='ltr'><strong>ejus</strong></span> <span class='ocrx_word' id='word_1_313' title='bbox 975 3726 1130 3792; x_wconf 77' lang='lat' dir='ltr'><strong>vilitatem</strong></span> <span class='ocrx_word' id='word_1_314' title='bbox 1145 3732 1188 3795; x_wconf 80' lang='lat' dir='ltr'><strong>est</strong></span> 
     </span>
     <span class='ocr_line' id='line_1_35' title="bbox 150 3827 1186 3916; baseline 0.003 -21"><span class='ocrx_word' id='word_1_315' title='bbox 150 3829 273 3895; x_wconf 67' lang='lat' dir='ltr'><strong>dictum</strong></span> <span class='ocrx_word' id='word_1_316' title='bbox 292 3829 457 3895; x_wconf 82' lang='lat' dir='ltr'><strong>Strnttidis</strong></span> <span class='ocrx_word' id='word_1_317' title='bbox 471 3829 558 3916; x_wconf 81' lang='lat' dir='ltr'><strong>apud</strong></span> <span class='ocrx_word' id='word_1_318' title='bbox 571 3827 774 3895; x_wconf 83' lang='lat' dir='ltr'><strong>Aristotelem</strong></span> <span class='ocrx_word' id='word_1_319' title='bbox 796 3829 847 3894; x_wconf 88' lang='lat' dir='ltr'><strong>De</strong></span> <span class='ocrx_word' id='word_1_320' title='bbox 867 3830 955 3894; x_wconf 88' lang='lat' dir='ltr'><strong>Sens.</strong></span> <span class='ocrx_word' id='word_1_321' title='bbox 972 3851 1005 3916; x_wconf 87' lang='lat' dir='ltr'><strong>p.</strong></span> <span class='ocrx_word' id='word_1_322' title='bbox 1021 3833 1072 3894; x_wconf 91' lang='grc'><strong>16.</strong></span> <span class='ocrx_word' id='word_1_323' title='bbox 1086 3833 1129 3897; x_wconf 89' lang='lat' dir='ltr'><strong>T.</strong></span> <span class='ocrx_word' id='word_1_324' title='bbox 1141 3836 1186 3898; x_wconf 90' lang='lat' dir='ltr'><strong>Il.</strong></span> 
     </span>
     <span class='ocr_line' id='line_1_36' title="bbox 150 3931 1187 4021; baseline 0.002 -22"><span class='ocrx_word' id='word_1_325' title='bbox 150 3934 213 3999; x_wconf 86' lang='lat' dir='ltr'><strong>Ed.</strong></span> <span class='ocrx_word' id='word_1_326' title='bbox 230 3934 381 4021; x_wconf 79' lang='lat' dir='ltr'><strong>Sylburg.</strong></span> <span class='ocrx_word' id='word_1_327' title='bbox 398 3931 492 3998; x_wconf 79' lang='grc' dir='ltr'><strong>Ὅταν</strong></span> <span class='ocrx_word' id='word_1_328' title='bbox 513 3939 587 4015; x_wconf 74' lang='grc' dir='ltr'><strong><em>φακῆ</em></strong></span> <span class='ocrx_word' id='word_1_329' title='bbox 608 3932 721 4010; x_wconf 66' lang='grc' dir='ltr'><strong>ἕψηται,</strong></span> <span class='ocrx_word' id='word_1_330' title='bbox 740 3936 779 4012; x_wconf 77' lang='grc' dir='ltr'><strong>μὴ</strong></span> <span class='ocrx_word' id='word_1_331' title='bbox 795 3935 899 4018; x_wconf 67' lang='grc' dir='ltr'><strong>’πιχεῖν</strong></span> <span class='ocrx_word' id='word_1_332' title='bbox 912 3932 1008 4020; x_wconf 64' lang='grc' dir='ltr'><strong>μόρον.</strong></span> <span class='ocrx_word' id='word_1_333' title='bbox 1047 3933 1187 4001; x_wconf 80' lang='lat' dir='ltr'><strong>Cratetis</strong></span> 
     </span>
     <span class='ocr_line' id='line_1_37' title="bbox 149 4035 1186 4123; baseline 0.001 -21"><span class='ocrx_word' id='word_1_334' title='bbox 149 4038 272 4104; x_wconf 70' lang='lat' dir='ltr'><strong>diuum</strong></span> <span class='ocrx_word' id='word_1_335' title='bbox 294 4036 440 4121; x_wconf 76' lang='lat' dir='ltr'><strong>enpol&#39;uit</strong></span> <span class='ocrx_word' id='word_1_336' title='bbox 460 4057 589 4123; x_wconf 90' lang='lat' dir='ltr'><strong>quoque</strong></span> <span class='ocrx_word' id='word_1_337' title='bbox 611 4035 758 4099; x_wconf 85' lang='lat' dir='ltr'><strong>Erasmus</strong></span> <span class='ocrx_word' id='word_1_338' title='bbox 779 4036 886 4122; x_wconf 87' lang='lat' dir='ltr'><strong>Adag.</strong></span> <span class='ocrx_word' id='word_1_339' title='bbox 909 4058 943 4123; x_wconf 90' lang='lat' dir='ltr'><strong>p.</strong></span> <span class='ocrx_word' id='word_1_340' title='bbox 958 4038 1047 4121; x_wconf 79' lang='lat'><strong>586:</strong></span> <span class='ocrx_word' id='word_1_341' title='bbox 1071 4050 1105 4102; x_wconf 92' lang='lat' dir='ltr'><strong>et</strong></span> <span class='ocrx_word' id='word_1_342' title='bbox 1121 4038 1186 4103; x_wconf 80' lang='lat' dir='ltr'><strong>Ca·</strong></span> 
     </span>
     <span class='ocr_line' id='line_1_38' title="bbox 148 4136 1186 4225; baseline 0.001 -20"><span class='ocrx_word' id='word_1_343' title='bbox 148 4142 307 4206; x_wconf 80' lang='lat' dir='ltr'><strong>snubonus</strong></span> <span class='ocrx_word' id='word_1_344' title='bbox 334 4139 374 4203; x_wconf 86' lang='lat' dir='ltr'><strong>ad</strong></span> <span class='ocrx_word' id='word_1_345' title='bbox 400 4139 523 4204; x_wconf 85' lang='lat' dir='ltr'><strong>Athen.</strong></span> <span class='ocrx_word' id='word_1_346' title='bbox 550 4136 574 4201; x_wconf 93' lang='lat' dir='ltr'><strong>l.</strong></span> <span class='ocrx_word' id='word_1_347' title='bbox 589 4158 620 4201; x_wconf 85' lang='lat' dir='ltr'><strong>c.</strong></span> <span class='ocrx_word' id='word_1_348' title='bbox 643 4158 676 4223; x_wconf 89' lang='lat' dir='ltr'><strong>p.</strong></span> <span class='ocrx_word' id='word_1_349' title='bbox 694 4139 768 4222; x_wconf 83' lang='lat'><strong>287.</strong></span> <span class='ocrx_word' id='word_1_350' title='bbox 811 4137 910 4225; x_wconf 72' lang='lat' dir='ltr'><strong>Quod</strong></span> <span class='ocrx_word' id='word_1_351' title='bbox 935 4154 1046 4204; x_wconf 80' lang='lat' dir='ltr'><strong>autem</strong></span> <span class='ocrx_word' id='word_1_352' title='bbox 1070 4141 1186 4206; x_wconf 73' lang='lat' dir='ltr'><strong>Crates</strong></span> 
     </span>
     <span class='ocr_line' id='line_1_39' title="bbox 148 4239 1185 4328; baseline 0.001 -22"><span class='ocrx_word' id='word_1_353' title='bbox 148 4242 240 4325; x_wconf 67' lang='lat' dir='ltr'><strong>dixit,</strong></span> <span class='ocrx_word' id='word_1_354' title='bbox 262 4264 302 4308; x_wconf 80' lang='lat' dir='ltr'><strong>ex</strong></span> <span class='ocrx_word' id='word_1_355' title='bbox 324 4240 447 4305; x_wconf 65' lang='lat' dir='ltr'><strong>luxurie</strong></span> <span class='ocrx_word' id='word_1_356' title='bbox 462 4254 491 4304; x_wconf 83' lang='lat' dir='ltr'><strong>et</strong></span> <span class='ocrx_word' id='word_1_357' title='bbox 503 4239 709 4327; x_wconf 69' lang='lat' dir='ltr'><strong>ficortmfitate</strong></span> <span class='ocrx_word' id='word_1_358' title='bbox 724 4240 887 4328; x_wconf 79' lang='lat' dir='ltr'><strong>seditiones</strong></span> <span class='ocrx_word' id='word_1_359' title='bbox 905 4253 933 4303; x_wconf 83' lang='lat' dir='ltr'><strong>et</strong></span> <span class='ocrx_word' id='word_1_360' title='bbox 957 4243 1131 4326; x_wconf 79' lang='lat' dir='ltr'><strong>tyrannides</strong></span> <span class='ocrx_word' id='word_1_361' title='bbox 1154 4244 1185 4320; x_wconf 77' lang='lat' dir='ltr'><strong>in</strong></span> 
     </span>
    </p>
   </div>
   <div class='ocr_carea' id='block_1_3' title="bbox 0 0 1350 4770">
    <p class='ocr_par' dir='ltr' id='par_1_6' title="bbox 0 0 1350 4770">
     <span class='ocr_line' id='line_1_40' title="bbox 0 0 1350 4770; baseline 0 1"><span class='ocrx_word' id='word_1_362' title='bbox 0 0 1350 4770; x_wconf 95' lang='lat' dir='ltr'><strong> </strong></span> 
     </span>
    </p>
   </div>
  </div>
 </body>
</html>
